3000 5040
736 229 777 290 10

169 389 203 473 (i.
227 409 252 452 e.
276 387 349 452 Αίλ.
379 388 572 473 Διονυσίου)
602 381 788 474 στοιχειακι)
818 381 1009 453 ἀκολουθία
1036 382 1199 467 βούλεται.
1247 384 1345 461 Quod

168 495 195 558 si
217 501 303 560 recte
325 495 579 579 interpretamur,
603 496 648 560 nil
670 497 794 579 probat,
819 496 880 560 nisi
903 517 959 560 suo
983 495 1051 560 loco
1075 495 1109 578 (i.
1128 514 1153 556 e.
1173 495 1204 556 iu
1228 492 1345 555 littera

165 625 198 684 χι
225 603 266 666 ad
295 603 519 668 clementorum
551 592 694 668 ordinem
722 602 890 688 disposita)
924 623 1031 667 vocem
1060 591 1153 683 χιλὸς
1184 599 1342 664 extitisse.

166 709 345 773 Dolendum
368 715 430 786 est,
452 711 541 792 quod
565 710 712 775 Photium
736 713 768 774 in
796 715 903 793 partes
931 730 1041 773 vocare
1070 728 1134 771 non
1156 727 1343 790 possumus:

166 816 240 881 Lex.
263 817 390 883 Bachm.
414 817 494 894 413,
518 818 560 881 25
586 809 679 901 χιλὸς
707 838 763 882 suo
790 819 859 883 loco
888 815 1030 881 exhibet:
1055 815 1148 878 'idem
1169 813 1206 877 fit
1229 815 1263 877 in
1287 814 1344 878 Et.

167 925 208 988 M.
232 924 311 1001 811,
333 924 374 988 47
398 925 484 990 unde
507 927 617 990 eodem
639 926 733 990 modo
756 931 853 1006 atque
880 928 990 989 nostra
1016 923 1118 987 lexica
1140 922 1236 985 otiam
1260 923 1345 986 atti-

166 1031 316 1098 cistarum
338 1031 441 1113 λέξεις
465 1032 633 1116 dispositas
656 1032 752 1097 fuisse
775 1032 909 1098 conicio:
934 1052 1014 1114 quae
1037 1030 1143 1112 opinio
1167 1050 1204 1093 cc
1227 1027 1344 1095 firma-

165 1144 231 1215 tur,
259 1141 344 1222 quod
372 1140 533 1225 λείβηθρα
561 1146 593 1204 et
620 1140 765 1225 λίβηθρα
793 1138 846 1224 (cf.
869 1138 906 1204 fr.
931 1136 1011 1223 244)
1039 1138 1071 1199 iu
1100 1137 1207 1201 Photii
1234 1136 1345 1202 lexico

165 1250 300 1328 utroque
322 1247 390 1312 loco
413 1247 512 1312 redit:
536 1249 621 1312 idem
643 1245 680 1310 fit
703 1248 743 1310 dc
766 1267 841 1310 voce
861 1237 953 1331 ὀίτης
977 1243 1030 1328 (fr.
1051 1243 1131 1328 345)
1154 1244 1187 1306 in
1211 1242 1344 1323 λέξεων

162 1353 333 1439 χρησίμων
357 1360 530 1437 συναγωγῇ
553 1375 601 1436 ap.
626 1353 661 1418 B.
686 1353 721 1418 A.
745 1353 820 1428 348,
844 1353 873 1416 2.
897 1352 971 1428 349,
996 1351 1045 1415 12.

254 1460 322 1538 Quo
350 1460 466 1525 titulo
493 1461 595 1524 lexica
617 1460 673 1525 illa
695 1461 848 1543 inscripta
870 1459 1001 1535 fuerint,
1024 1457 1209 1540 ambigitur:
1241 1457 1344 1525 Phot.

164 1566 245 1632 Bibl.
270 1568 336 1632 cod.
363 1567 434 1632 152.
467 1567 592 1632 Aelium
616 1567 800 1652 Dionysium
823 1558 1008 1632 Ἀττικῶν
1033 1558 1242 1649 ὀνομάτων
1272 1562 1343 1631 λό-

163 1696 257 1758 γους
274 1673 392 1738 πέντε
411 1675 632 1758 conscripsisse
650 1676 763 1740 tradit:
788 1676 922 1740 eundem
941 1673 1070 1740 titulum
1093 1673 1203 1738 laudat
1222 1671 1342 1756 fragm.

163 1779 383 1864 praefationis:
425 1786 458 1846 et
484 1780 522 1846 fr.
551 1782 616 1845 314
644 1781 694 1866 (Β.
722 1781 758 1846 A.
790 1781 890 1868 1073)
918 1782 951 1846 Δ.
982 1779 1019 1846 ἐν
1045 1787 1086 1863 τῇ
1115 1779 1234 1864 ἐκλογῇ
1262 1788 1342 1848 τῶν

164 1879 356 1972 ὀνομάτων,
387 1887 425 1952 ir.
454 1888 518 1952 316
551 1887 668 1974 (Schol.
697 1888 787 1953 Hom.
816 1888 851 1953 11.
883 1892 909 1952 O
938 1889 1016 1974 705)
1050 1889 1083 1952 Δ.
1113 1886 1150 1952 ἐν
1181 1884 1341 1975 τετάρτῳ

157 1985 315 2060 Ἀττικῶν
340 1987 520 2080 ὀνομάτων
543 1995 679 2061 exhibet.
724 1996 911 2062 Eustathius
933 1996 983 2061 vel
1005 2017 1120 2062 nomen
1143 1995 1244 2060 solum
1265 2001 1340 2062 tra-

162 2103 212 2167 dit
238 2103 288 2167 vel
314 2103 452 2186 patriam
474 2103 620 2187 adiungit
643 2101 696 2189 (cf.
719 2125 748 2186 p.
774 2104 801 2168 7.
824 2109 889 2168 not.
915 2103 959 2188 1),
987 2124 1066 2186 opus
1093 2123 1166 2167 vero
1194 2107 1339 2168 tantum-

162 2209 256 2275 modo
289 2200 421 2289 λιξικόν
453 2210 600 2293 appellat.
656 2211 747 2289 Quod
783 2210 949 2275 brevitatis
985 2230 1079 2274 causa
1115 2209 1232 2274 factum
1265 2231 1339 2276 esse

162 2322 240 2400 puto
272 2337 374 2401 neque
411 2317 622 2382 dubitandum
658 2338 741 2394 esse,
779 2318 855 2401 quin
886 2317 994 2382 Photii
1021 2317 1148 2394 titulus,
1175 2307 1338 2383 Ἀττικῶν

163 2415 343 2508 ὀνομάτων
365 2419 459 2508 λόγοι
481 2423 598 2504 πέντε,
621 2426 775 2508 genuinus
798 2425 967 2490 Atticistae
990 2422 1095 2500 fuerit,
1118 2423 1265 2490 arbitror.
1293 2463 1337 2472 —

162 2532 338 2597 Pausaniae
370 2531 487 2596 librum
519 2533 552 2595 in
580 2533 647 2597 cod.
678 2532 750 2598 153.
778 2522 911 2612 λεξικόν
942 2532 1098 2615 appellat:
1129 2532 1215 2615 idem
1247 2533 1337 2614 apud

162 2639 365 2704 Eustathium
392 2637 463 2703 fieri
490 2638 639 2704 videmus
687 2638 765 2704 Cum
792 2644 900 2704 autem
922 2643 992 2704 tota
1014 2639 1099 2703 illius
1123 2638 1225 2722 operis
1249 2640 1336 2705 ratio

161 2745 196 2811 id
218 2746 363 2822 suadeat,
391 2767 461 2810 cum
484 2745 631 2812 Eustath.
657 2746 699 2810 ad
722 2747 814 2810 Dion.
837 2746 959 2830 Perieg.
983 2745 1048 2810 525
1077 2745 1130 2832 (ir.
1153 2744 1212 2831 47)
1235 2744 1335 2811 facie-

160 2874 242 2929 mus,
280 2854 334 2934 qui
361 2853 401 2916 11.
431 2840 473 2917 οὗ
508 2844 548 2918 τὸ
575 2843 724 2918 Ἀττικὸν
761 2844 895 2934 λεξικόν
928 2853 1064 2919 exhibet.
1115 2852 1335 2919 Atticorum

161 2960 244 3026 enim
268 2959 437 3024 dialectum
460 2981 530 3024 cum
552 2960 741 3039 illustraret,
764 2962 907 3045 inprimis
931 2961 1029 3045 capiti
1052 2961 1154 3044 operis
1177 2960 1260 3026 hanc
1282 2961 1334 3026 in·

160 3066 361 3149 scriptionem
388 3065 563 3150 praefigere
589 3068 707 3132 debuit.
753 3067 953 3133 Simillimum
975 3068 1072 3134 fuisse
1094 3068 1224 3133 titulum
1247 3067 1334 3134 Aelii

160 3173 304 3258 Dionysii
336 3179 369 3238 et
395 3173 572 3241 Pausaniae
604 3175 717 3240 suadet
749 3174 851 3241 Schol.
879 3175 975 3240 Thuc.
1004 3173 1057 3240 VI.
1085 3175 1136 3239 27.
1168 3173 1221 3260 (ir.
1252 3175 1332 3261 187)

160 3281 352 3357 Παυσανίας
372 3279 409 3345 ἒν
426 3288 468 3365 τῇ
487 3281 757 3368 ὀιακεπονημένῇ
769 3274 928 3349 Ἀττικῶν
947 3273 1125 3365 ὀνομάτων
1145 3289 1330 3366 συναγωγῇ.
1349 3344 1353 3355 ,

160 3385 236 3450 Ideo
259 3392 428 3472 utrumque
451 3410 529 3472 opus
543 3379 671 3454 Ἀττικά
694 3381 844 3472 ὀνόματα
867 3389 1055 3471 inscriptum
1077 3387 1173 3453 fuisse
1196 3393 1228 3452 et
1247 3388 1332 3454 Aelii

160 3493 303 3577 Dionysii
326 3493 416 3560 libris
440 3495 579 3578 quinque
607 3502 765 3560 tomorum
787 3516 952 3560 numerum
974 3495 1119 3559 additum
1142 3494 1237 3560 fuisse
1260 3517 1330 3560 cer-

159 3605 227 3665 tum
251 3606 307 3666 est.

248 3707 415 3774 Difficilior
451 3709 493 3774 ad
530 3708 768 3774 diiudicandum
804 3712 852 3772 est
888 3708 991 3772 altera
1029 3709 1186 3792 quaestio,
1222 3712 1331 3775 utrum

158 3815 287 3897 utrique
306 3816 389 3881 libro
408 3815 519 3881 vocula
537 3809 696 3901 ῥητορική
715 3813 826 3878 addita
844 3814 942 3879 fuerit
959 3835 1066 3880 necne.
1102 3815 1235 3879 Photius
1254 3836 1330 3880 nus-

160 3942 255 4005 quam
282 3923 341 3988 hoc
369 3922 509 4006 epitheto
536 3923 639 3986 utitur
666 3940 768 4004 neque
794 3921 861 3987 ullo
884 3920 947 3987 alio
974 3921 1043 3987 loco
1071 3919 1328 4003 fragmentorum,

160 4049 240 4112 quae
271 4049 335 4093 non
367 4051 405 4094 ex
436 4028 604 4093 Eustathio
637 4031 799 4110 protracta
830 4033 916 4104 sunt,
947 4031 1087 4111 apparet.
1141 4025 1328 4090 Eustathius

160 4141 265 4200 autem
284 4135 367 4199 Aelii
386 4135 529 4218 Dionysii
552 4154 629 4217 opus
641 4118 775 4198 lexicon
797 4125 977 4220 ῥητορικὸν
995 4132 1134 4216 appellat
1152 4134 1184 4195 in
1201 4154 1231 4214 p.
1250 4129 1325 4212 455,

160 4241 211 4305 37.
236 4240 288 4326 (fr.
312 4240 391 4324 248)
419 4262 449 4322 p.
475 4240 574 4317 1944,
598 4241 615 4305 7
647 4240 697 4325 (fr.
724 4241 787 4305 162
815 4241 871 4305 ubi
893 4241 1027 4305 alteram
1050 4239 1193 4322 Dionysii
1216 4259 1326 4302 recen-

159 4347 278 4412 sionem
309 4346 448 4434 laudat),
479 4352 528 4411 ter
560 4347 735 4413 Pausaniae
766 4348 890 4414 lexicon
921 4370 950 4432 p.
979 4348 1058 4424 801,
1085 4345 1138 4410 57.
1171 4345 1222 4431 (fr.
1252 4346 1329 4435 21),
