3000 5040
730 206 770 270 61

165 365 225 431 καὶ
241 352 401 451 Ἀρτέμιδι
428 365 485 429 καὶ
507 364 657 450 Μοίραις.
704 366 751 430 De
778 364 874 443 τέλος
896 387 970 431 voce
997 366 1126 448 eiusque
1153 366 1333 449 compositis

165 474 252 556 apud
275 472 364 538 Eust.
383 473 507 555 saepius
529 473 642 556 agitur.
687 473 875 558 Priusquam
902 473 1078 538 accuratius
1100 475 1133 537 in
1156 472 1228 538 illas
1250 474 1333 556 glos-

166 601 219 646 sas
249 581 457 663 inquiremus,
484 579 576 645 nobis
604 580 881 646 demonstrandum
910 586 958 645 est
985 581 1173 645 Pausaniam
1200 581 1335 644 eundem

165 687 289 752 fontem
317 687 434 752 adiisse
461 692 557 771 atque
584 686 752 754 Pollucem.
798 687 847 752 En
875 689 942 752 eius
969 687 1147 754 doctrinam
1173 708 1222 770 ap.
1245 687 1333 751 Eust.

166 816 196 877 p.
217 794 291 871 881,
310 794 361 858 31.
385 791 423 858 ἐκ
443 793 479 859 δὲ
497 799 560 859 τοῦ
578 797 701 859 λοιποῦ
718 793 871 870 τέλους,
896 783 915 859 δ
935 795 1084 880 σημαίνει
1101 784 1164 858 τόν
1182 788 1289 878 γάμον
1298 794 1334 877 1),

166 891 209 964 τά
237 900 468 986 προτέλεια,
496 889 546 965 ὦν
571 907 686 986 χρῆσις
712 900 773 984 μὲν
799 896 885 987 μόνη
912 892 1004 986 παρά
1027 898 1135 986 Αἰλίῳ
1158 901 1334 984 Διονυσίῳ,

168 1001 323 1092 ἑρμηνεία
344 999 489 1090 δὲπαρά
508 1009 683 1095 Παυσανίᾳ
703 1004 833 1072 εἰπόντι
852 998 905 1074 ότι
922 1007 1114 1093 προτέλεια·
1138 999 1158 1094 ι)
1177 999 1244 1093 πρό
1262 1013 1334 1073 τοῦν

165 1109 283 1198 γάμων
306 1115 419 1179 θυσία.
457 1114 549 1203 [ἴσως
571 1107 613 1179 τά
637 1111 799 1198 λεγόμενα
821 1111 1021 1201 δεοόρητρα)
1063 1113 1196 1180 ἐκεῖθεν
1219 1113 1254 1179 δὲ
1277 1113 1335 1177 καὶ

166 1219 330 1287 τέλειοι·
356 1219 389 1286 οἱ
406 1217 635 1308 γεγαμηκότες,
658 1223 715 1286 καὶ
736 1226 1016 1307 τελειωθῆναι·
1041 1213 1081 1286 τό
1104 1229 1211 1307 γῆμαι.

258 1328 347 1395 Alios
375 1330 460 1396 locos
487 1351 526 1393 ex
553 1329 784 1413 lexicographis
806 1330 913 1413 plures
937 1328 1050 1394 afferre
1072 1349 1211 1412 possum:
1244 1326 1333 1393 suffi-

167 1437 253 1501 cient
281 1436 323 1512 ei,
351 1457 430 1519 quos
457 1437 499 1501 ad
526 1436 682 1501 atticistas
709 1438 794 1520 ipsos
817 1438 943 1500 nomine
965 1435 1110 1500 laudatos
1132 1433 1250 1498 referre
1274 1456 1331 1516 po-

166 1542 293 1607 tuimus.
315 1581 354 1592 -

256 1649 359 1714 Locus
382 1670 455 1714 vero
478 1649 533 1714 ille
556 1648 780 1726 Pausanianus,
804 1670 896 1732 quem
920 1650 959 1713 de
981 1647 1077 1725 τέλος
1100 1649 1227 1733 eiusque
1250 1650 1333 1712 deri-

167 1757 251 1821 vatis
273 1757 369 1820 modo
392 1755 500 1832 attuli,
528 1757 622 1821 etiam
646 1757 717 1820 aliis
741 1757 780 1819 de
804 1757 905 1821 causis
928 1756 1015 1821 utilis
1039 1762 1071 1820 et
1093 1756 1166 1820 ideo
1188 1762 1335 1820 accurate

167 1863 383 1946 inspiciendus
406 1869 462 1928 est.
500 1862 708 1928 Multifariam
732 1864 815 1926 enim
838 1863 926 1928 Eust.
949 1864 988 1927 de
1011 1861 1107 1939 τέλος
1130 1863 1258 1945 eiusque
1277 1865 1333 1927 de-

167 1971 280 2035 rivatis
302 1971 384 2053 agit:
408 1971 563 2053 imprimis
581 1969 649 2034 fuse
668 1991 773 2034 vocem
793 1969 929 2053 explicat
947 1993 977 2053 p.
998 1970 1071 2046 789,
1093 1971 1133 2034 12
1157 1968 1215 2056 (=
1233 1969 1334 2035 Schol.

167 2076 288 2153 1156„
320 2076 380 2141 def.
405 2078 439 2142 in
470 2076 692 2162 Townleyano)
724 2075 780 2140 ubi
808 2076 901 2141 hasce
929 2097 993 2140 sex
1020 2077 1163 2141 notiones
1191 2077 1259 2141 voci
1288 2077 1335 2140 illi

167 2185 272 2249 inesse
290 2184 416 2248 statuit:
440 2182 471 2268 1)
485 2175 526 2248 τό
542 2175 784 2267 στρατιωτικόν
800 2178 978 2267 σύνταγμα,
997 2184 1032 2268 2)
1046 2174 1086 2247 τό
1101 2190 1172 2246 τοῦν
1185 2179 1334 2267 πραγμά-

166 2313 240 2355 των
266 2289 383 2376 πέρας,
416 2291 451 2376 3)
479 2281 541 2376 τὴν
568 2301 640 2367 ταῖς
666 2286 786 2355 πόλεσι
814 2297 989 2372 φοιτῶσαν
1015 2286 1201 2374 πρόσοδον,
1233 2290 1266 2371 4)
1294 2282 1334 2354 τό

165 2388 298 2481 άξέωμα
317 2401 370 2480 (sc.
391 2394 424 2461 ol
443 2396 480 2462 ἐν
501 2397 611 2479 τέλει),
634 2398 667 2478 5)
688 2389 730 2462 Ιτό
756 2391 943 2483 δαπάνημα,
966 2399 999 2479 6)
1021 2388 1084 2482 τὴν
1105 2387 1269 2481 μυστικὴν
1294 2434 1333 2442 -

169 2495 299 2591 ἑορτὴν.
321 2543 361 2552 -
386 2505 432 2570 Eo
455 2525 529 2570 vero
552 2505 621 2571 loco
646 2506 689 2589 (p.
709 2505 782 2580 881,
801 2504 852 2568 24.
872 2504 909 2567 fr.
929 2504 1019 2589 306),
1040 2503 1096 2567 ubi
1120 2503 1283 2587 episcopus
1302 2525 1335 2568 se

168 2611 211 2676 ad
238 2612 395 2677 atticistas
417 2612 553 2695 relegat,
580 2617 731 2696 quattuor
754 2612 977 2694 explicationes
1001 2610 1141 2675 exhibet:
1174 2602 1335 2693 ἀνάλωμα

167 2719 226 2782 καὶ
248 2714 339 2798 τάξις
361 2720 419 2783 καὶ
441 2709 524 2804 άρχι)
547 2720 605 2782 καὶ
626 2714 737 2802 γάμος.
771 2719 872 2782 Locus
892 2717 1119 2782 Eustathianus
1138 2738 1200 2781 non
1222 2718 1335 2800 plenus

168 2832 226 2891 est.
256 2825 350 2908 Apud
369 2825 459 2890 Phot.
475 2825 561 2891 Suid.
580 2825 655 2890 Lex.
675 2825 802 2891 Bachm.
822 2825 895 2902 383,
914 2824 956 2888 25
977 2826 1059 2889 enim
1079 2825 1160 2888 duae
1178 2823 1334 2906 significa

167 2933 272 2998 tiones
294 2932 468 2998 adduntur:
497 2933 530 3019 1)
554 2924 593 2996 τά
616 2945 687 3008 τοῖς
710 2936 879 3013 βασιλεῦσι
903 2927 1080 3015 διδόμενον
1103 2932 1136 3012 2)
1159 2923 1199 2995 τό
1222 2931 1333 3015 πέρας.
1391 2926 1394 2934 ’

167 3040 220 3105 Ita
241 3039 340 3122 igitur
362 3041 446 3106 inter
469 3062 502 3105 se
525 3040 684 3117 differunt,
707 3047 743 3105 ut

258 3145 413 3212 Scholia
435 3148 636 3214 Homerica
658 3148 737 3213 haec
760 3148 827 3213 sola
850 3148 1034 3213 exhibeant:

261 3256 294 3338 1)
318 3245 358 3318 τό
382 3247 626 3338 στρατιωτικὸν
650 3250 819 3338 σύνταγμα
829 3258 852 3335 2)

259 3361 294 3446 2)
317 3352 379 3446 τὴν
400 3374 474 3438 ταῖς
496 3357 614 3425 πόλεσι
638 3367 812 3443 φοιτῶσαν
834 3357 1008 3446 πρόσοδον
1017 3362 1043 3445 3)

259 3467 466 3532 Atticistae
489 3468 567 3532 haec
590 3469 657 3534 sola
680 3469 884 3533 servaverint:

260 3573 294 3659 1)
316 3569 420 3658 λάδος
874 3577 879 3588 ’

258 3681 294 3766 2)
316 3673 357 3746 τό
379 3694 450 3759 τοῖς
472 3686 643 3762 βασιλεῦσι
662 3677 849 3764 διδόμενον.

259 3787 329 3853 Non
356 3789 455 3871 igitur
482 3789 683 3855 vehementer
715 3789 835 3853 scholia
862 3788 1029 3853 Homerica
1061 3793 1093 3851 et
1124 3788 1335 3851 atticistarum

167 3896 316 3960 doctrina
334 3897 418 3960 inter
437 3917 470 3960 se
488 3897 677 3979 discrepant.
705 3895 810 3960 Unum
829 3894 949 3959 sontem
967 3894 1094 3959 subesse
1112 3894 1262 3977 suspicor,
1281 3896 1335 3976 qui

258 4074 280 4139 ¹)
299 4073 377 4128 Haec
396 4072 562 4143 significatio
581 4073 699 4127 solorum
719 4071 905 4127 atticistarum
924 4077 974 4139 est,
994 4069 1029 4124 cf.
1043 4070 1125 4126 infra.

259 4162 280 4229 ²)
298 4162 341 4217 Ne
360 4163 396 4218 ad
414 4158 495 4228 τάξιν
513 4162 698 4217 atticistnrnm
716 4161 831 4227 referas,
850 4177 920 4230 quae
939 4161 1022 4216 immo
1040 4163 1076 4215 ad
1093 4159 1175 4225 τέλος
1187 4161 1334 4232 mysticum

168 4251 301 4321 pertinet

259 4340 281 4410 θ)
300 4341 448 4410 vectigalia
466 4343 552 4410 igitur
570 4341 678 4408 utrique
696 4341 803 4396 auctori
821 4339 886 4410 τέλη
907 4349 994 4396 erant,
