3000 5040
719 217 764 281 44

157 380 325 463 pilaverat:
362 383 510 462 quartum
536 383 643 443 autem
670 377 829 460 hospitum
857 396 955 458 genus
982 380 1116 460 uterque
1144 375 1330 442 addiderat:

158 480 375 566 άοτόξενοι.
400 485 458 550 His
481 485 600 549 additis
623 485 779 568 repetitur
803 484 956 561 doctrina,
978 482 1166 567 ubicumque
1189 484 1331 549 occurrit

158 592 212 677 (of.
237 592 273 658 fr.
298 592 362 657 282
387 599 451 657 not.
481 592 521 675 l.)
568 591 617 656 lta
644 589 695 667 fit,
722 597 758 655 ut
782 591 927 674 exempla
948 589 1101 655 nonnulla
1123 589 1257 668 addam,
1279 610 1329 674 ap.

158 698 246 764 Euat
259 720 289 781 p.
304 696 379 775 405,
393 698 445 762 38.
459 721 489 782 p.
501 698 576 774 485,
592 698 632 762 12
644 699 679 783 ¹),
694 697 727 761 in
742 717 780 762 ea
794 695 913 762 Scholii
928 696 1079 763 Lucianei
1094 703 1185 781 parte
1194 696 1234 783 ⁸),
1248 717 1328 780 quae

159 805 335 870 doctrinam
363 825 435 870 vere
458 805 723 887 Aristophaneam
750 804 921 888 praecedit
967 802 1114 886 Singulos
1138 803 1227 870 locos
1250 805 1328 870 lexi-

158 911 388 995 cographorum
411 912 603 996 perscrutari
626 931 689 975 non
707 932 834 976 necesse
853 915 916 975 est:
939 911 972 975 id
995 915 1120 976 tantum
1142 931 1226 976 nova
1249 911 1329 977 serio

160 1017 372 1102 exemplorum
396 1019 680 1094 demonstraretur,
708 1017 793 1100 quod
822 1017 941 1082 dudum
968 1022 1163 1101 compertum
1186 1023 1250 1096 est,
1278 1038 1329 1085 eos

159 1145 198 1188 ex
230 1126 443 1191 atticistarum
477 1123 590 1208 opibus
621 1125 768 1208 pendere.
814 1124 852 1189 Id
884 1146 984 1188 unum
1015 1144 1141 1202 moneo,
1173 1144 1225 1208 ap.
1256 1125 1328 1192 Hes.

160 1252 184 1296 s.
198 1254 225 1299 v.
241 1224 416 1313 άστόξενοι
429 1231 604 1296 Pausaniae
620 1232 800 1314 opinionem
814 1251 884 1296 oum
898 1232 1002 1297 altera
1020 1226 1143 1317 (ἕτερον
1161 1251 1211 1315 ap.
1225 1231 1330 1318 Euat)

158 1338 325 1422 repetitam
345 1359 412 1403 esse
431 1339 483 1402 vix
502 1338 717 1414 dissentiente,
739 1357 821 1421 quae
837 1343 973 1424 χρῆσις
990 1338 1147 1422 quaedam
1169 1336 1243 1417 fuit,
1267 1359 1330 1406 non

159 1465 273 1510 novum
297 1445 457 1528 quoddam
479 1444 601 1510 lexicon
624 1444 665 1510 ab
689 1445 836 1528 episcopo
859 1445 1028 1510 evolutum.

248 1550 407 1634 Excerpta
434 1549 668 1633 Aristophaneo
695 1550 736 1617 ab
764 1551 915 1617 atticistis
941 1551 1040 1636 igitur
1067 1572 1149 1618 nova
1175 1571 1253 1618 voce
1276 1572 1331 1617 au·

159 1657 228 1740 geri
250 1657 412 1722 videntur:
446 1648 626 1737 άοτόξενος
649 1659 733 1723 enim
755 1680 911 1742 nusquam
933 1660 967 1723 in
991 1677 1055 1723 exc.
1074 1657 1260 1744 Byzantinis
1282 1681 1331 1725 re-

160 1763 217 1828 dit.
269 1763 330 1828 Res
362 1769 469 1829 tamen
502 1785 591 1830 secus
624 1771 680 1830 est.
731 1765 940 1849 Excerptores
972 1765 1192 1831 tantummodo
1224 1787 1333 1832 vocem

160 1869 348 1946 omiserunt,
369 1871 419 1935 vel
442 1871 588 1936 socordia
611 1874 773 1948 commoti,
795 1872 844 1936 vel
867 1873 952 1955 quod
976 1865 1157 1952 άοτόξενος
1178 1901 1225 1930 =
1248 1869 1332 1940 ἰδιό-

161 1982 257 2058 ξενος
284 1997 351 2041 esse
379 1984 576 2043 censuerunt.
622 1978 771 2043 Adfuisse
803 1999 877 2043 vero
909 1979 943 2043 in
970 1977 1062 2044 libris
1089 1977 1332 2063 Aristophaneis

160 2103 267 2147 vocem
295 2073 474 2164 αότόξενος
502 2084 594 2149 docet
620 2085 700 2150 Poll.
723 2085 780 2149 111.
804 2085 856 2149 59.
885 2080 1050 2170 πρόξενος
1076 2085 1134 2149 καὶ
1160 2088 1332 2171 προξενία,

161 2181 355 2270 άοτόξενος,
379 2185 555 2271 ἰδιόξενος,
580 2187 772 2276 δορύξενος,
797 2184 929 2272 άξενος,
952 2186 1137 2272 πολύξενος
1159 2193 1217 2256 καὶ
1239 2184 1332 2277 παρὰ

165 2295 354 2379 θοοκυδίδῆ
373 2293 646 2382 ἐθελοπρόξενος.
672 2292 690 2363 ό
713 2297 775 2381 μὲν
793 2293 1003 2383 πρόξενος,
1023 2288 1106 2363 όταν
1125 2293 1259 2376 πόλεως
1278 2299 1331 2385 δη-

160 2403 261 2491 μοσίᾳ
280 2408 427 2488 προξενῆ
445 2426 495 2480 τις
515 2402 551 2470 ἐν
570 2397 654 2488 drap
672 2401 781 2485 πόλει,
801 2396 847 2481 ὡς
866 2396 1033 2490 ὑποδοχῆς
1050 2426 1087 2468 τε
1106 2410 1178 2470 τοῦν
1197 2402 1333 2471 ἐκεῖθεν

162 2510 354 2594 φροντίζειν
381 2511 437 2574 καὶ
469 2507 643 2596 προσόδου
670 2503 757 2597 πρός
783 2503 845 2576 τόν
874 2511 980 2597 δῆμον
1007 2512 1065 2576 καὶ
1093 2507 1190 2596 ἕδρας
1218 2508 1256 2576 ἓν
1283 2519 1333 2596 τῷ

162 2610 308 2700 θεάτρῳ.
336 2629 430 2682 ποιεῖ
447 2616 607 2684 δὲταῦτα
626 2619 683 2682 καὶ
702 2613 903 2704 ἐδελοπρό
910 2623 1022 2698 ξενος
1042 2609 1060 2682 ό
1077 2609 1332 2702 άνάγραπτονί)

161 2712 223 2806 τῆν
246 2725 428 2807 προξενίαν
449 2719 543 2808 ἔχων.
567 2720 764 2805 ἰδιόξενος
788 2723 825 2789 δέ
843 2721 933 2790 ἐστιν
957 2715 975 2789 ό
1000 2721 1069 2812 torp
1092 2724 1160 2788 τινὶ
1181 2730 1255 2788 τῶν
1279 2723 1330 2804 ξέ-

162 2849 234 2892 νων
258 2830 346 2914 φίλῳ
367 2826 553 2917 χροόμενος,
581 2824 628 2908 ὡς
650 2833 814 2918 Περικλῆς
830 2823 1026 2916 Ἀρχιδάμῳ,
1053 2831 1111 2895 καὶ
1138 2837 1334 2917 καταγωγῆς

162 2956 199 2998 τε
224 2926 315 3020 αύτῷ
338 2933 591 3022 προνοούμενος
613 2938 670 3001 καὶ
692 2926 799 3002 τᾶλλα
822 2932 1129 3020 ουνδιοινιούμενος,
1152 2943 1225 3003 τῶν
1249 2936 1334 3004 ίοων

164 3039 200 3105 δε
232 3042 288 3106 καὶ
321 3034 436 3123 αύτός,
470 3042 500 3108 εί
525 3066 609 3110 ποτε
637 3035 720 3130 παρ’
750 3042 881 3109 ἐκεῖνον
915 3040 1026 3123 δίδοι,
1056 3039 1334 3127 μεταλαμβάνων.

164 3139 378 3229 αότόξενος
402 3149 438 3215 δὲ
461 3141 548 3215 κατὰ
570 3148 632 3234 μέν
655 3173 749 3227 τινας
773 3141 791 3215 ό
816 3141 917 3228 αύτός
934 3155 984 3235 τῷ
1003 3148 1169 3234 ίδιοξένῳ,
1191 3141 1279 3215 κατὰ
1299 3148 1337 3216 δέ

163 3275 274 3329 τινας
297 3246 316 3318 ό
339 3254 427 3339 γένει
449 3255 510 3339 μὲν
534 3255 643 3337 ξένος,
670 3264 747 3340 τιμῆ
771 3256 807 3322 δὲ
836 3248 946 3333 άοτός.
979 3253 1104 3333 ἐνίοις
1132 3255 1168 3321 δε
1198 3247 1335 3322 δοκεῑό

164 3355 264 3441 φύσει
289 3360 351 3445 μὲν
378 3353 494 3442 άοτός,
523 3357 604 3445 δόξγγ
633 3361 668 3427 δὲ
697 3362 805 3442 ξένος,
838 3355 884 3439 ὡς
911 3353 1041 3439 Δαναός
1063 3353 1233 3446 Ἀργείοις,
1265 3353 1335 3428 άπὸ

164 3457 245 3542 Ἰοῦς
272 3473 331 3553 τῆς
353 3459 495 3553 Ἀργείας
522 3463 608 3552 ἔχων
634 3459 674 3534 τό
703 3468 808 3553 γένος.
852 3463 1066 3553 δορύξενος
1099 3467 1134 3533 δὲ
1163 3459 1181 3532 ό
1211 3466 1249 3532 ἐκ
1276 3475 1336 3554 τῆς

164 3563 250 3637 κατά
273 3565 335 3639 τόν
359 3569 509 3658 πόλεμον
533 3572 697 3658 ἐπιμιξίας
714 3566 776 3661 τὴν
799 3581 924 3660 γνοῦσιν
947 3573 1181 3660 πεποιημένος.
1204 3612 1244 3622 -
1264 3574 1336 3638 Ple·

253 3788 275 3853 1)
293 3789 383 3843 Locus
402 3787 591 3843 Pausanianus
610 3786 726 3857 plenior,
746 3803 828 3857 quam
846 3802 930 3857 supra
948 3786 1077 3841 laudatus
1096 3784 1131 3841 cf.
1144 3790 1201 3841 not.
1214 3786 1241 3842 5.

255 3879 275 3945 ²)
294 3878 384 3933 Schol.
398 3877 476 3946 illud,
491 3879 563 3946 quod
575 3878 679 3946 Freyer
692 3893 719 3946 p.
733 3877 794 3932 285.
807 3875 912 3946 primus
925 3874 1097 3930 accurratius
1109 3865 1250 3941 tractavit,
1265 3876 1336 3931 haec

166 3967 301 4022 continet:
321 3969 346 4033 1)
365 3966 441 4021 Aelii
455 3966 581 4039 Dionysii
596 3965 749 4021 doctrinam
768 3967 794 4033 2)
813 3966 897 4020 aliam
911 3965 1048 4033 quandam
1063 3961 1220 4034 προξένων,
1234 3961 1335 4030 ἰδιοξέ-

165 4075 235 4118 νων,
260 4052 424 4122 ἀστοξένων
443 4057 650 4111 distinctionem
669 4055 781 4109 aliunde
800 4054 922 4124 ignotam
944 4055 971 4120 3)
992 4069 1038 4119 ea,
1062 4068 1132 4121 quae
1152 4048 1179 4107 ot
1197 4048 1336 4122 νεώτεροι

166 4147 223 4199 τῶν
237 4141 366 4216 ῥητόρων
379 4145 525 4200 senserint.
544 4146 571 4212 4)
584 4144 669 4198 Arist.
683 4145 748 4215 Byz.
762 4143 915 4198 doctrinam
928 4142 1079 4197 secundum
1096 4141 1129 4196 fr.
1142 4141 1205 4197 Par.
1219 4141 1246 4208 ὅ)
1259 4139 1336 4195 Aelii

166 4233 247 4289 Dion.
262 4235 346 4288 verba
364 4234 475 4289 iterata.
512 4234 678 4301 Plerumque
698 4231 819 4287 concinit
836 4233 932 4285 Ioann.
951 4231 1004 4285 Sic.
1022 4231 1059 4285 ad
1077 4230 1207 4300 Hormog.
1221 4230 1274 4286 vol.
1286 4229 1334 4286 VI.

166 4340 192 4393 p.
206 4323 266 4378 363.
279 4322 368 4378 Walu.
450 4321 472 4389 ³)
491 4315 640 4392 όγραπτον
657 4326 734 4375 recte
753 4321 809 4376 iam
828 4321 917 4376 Bekk.
931 4318 1058 4376 coniecit.
