3000 5040
719 215 762 283 52

158 376 326 461 cogitando
354 377 528 462 supplenda
556 379 604 444 vel
631 401 651 444 a
678 377 838 463 Stephano
867 379 983 446 omissa
1009 383 1065 445 est.
1106 378 1160 444 Ad
1187 377 1325 445 alterum

158 491 319 550 auctorem
346 485 444 568 igitur
469 487 703 569 provocandum
736 488 797 550 erit
830 507 962 569 eumque
989 486 1238 571 Aristophanem
1266 487 1325 571 By·

158 593 296 658 zantium
320 613 386 657 esse
410 593 523 658 iudice.
559 594 711 658 Doctrina
734 594 818 658 illius
842 595 925 659 enim
949 595 1066 678 optime
1088 593 1238 678 congruit
1256 615 1325 660 cum

158 700 260 764 tribus
278 699 342 764 illis
360 701 438 765 locis
457 701 583 766 comicis
598 691 792 786 (Ἀθηναίαν
809 701 908 765 civem
926 700 1066 766 Atticam
1084 700 1217 788 vocari).
1244 701 1324 766 Eum

158 808 347 872 comicorum
375 807 563 872 testimoniis
591 808 633 871 ad
660 808 850 872 sententiam
877 805 1065 873 firmandam
1086 809 1214 893 saepius
1236 829 1324 872 nsum

159 935 239 991 esse,
261 934 300 978 ex
323 913 432 997 fragm.
456 903 648 998 άρδαλῶσαι
671 937 700 996 p.
723 914 776 978 49.
799 915 911 992 allato,
934 914 1178 980 demonstratur.
1217 913 1322 1000 Mega-

158 1022 250 1086 elidis
268 1021 427 1086 Homerici
451 1021 557 1105 (quem
581 1022 801 1086 tantummodo
824 1021 896 1088 Hes.
913 1012 1045 1106 Ἀθηνᾶ,
1068 1020 1106 1086 of.
1125 1020 1248 1087 Nauck
1266 1021 1322 1086 Rln

158 1128 237 1194 Mus.
259 1128 310 1192 VI.
328 1151 358 1211 p.
378 1128 462 1204 433,
480 1128 604 1213 laudat)
629 1127 878 1194 observationem
896 1127 951 1194 Ar.
970 1128 1041 1213 Byz.
1061 1128 1181 1212 primus
1202 1134 1236 1193 et
1258 1148 1323 1193 eam

159 1236 199 1301 ob
219 1257 345 1300 causam
363 1235 506 1318 protulit,
524 1241 561 1298 ut
578 1255 670 1298 usum
688 1236 820 1300 atticum
838 1241 949 1300 contra
967 1235 1210 1300 demonstraret.
1239 1235 1323 1316 Quae

158 1343 346 1418 coniectura,
370 1343 396 1406 si
419 1339 571 1418 arriserit,
594 1342 702 1406 statim
725 1342 881 1407 atticistas
904 1341 989 1406 illius
1013 1361 1088 1425 opes
1111 1342 1232 1408 adiisse
1253 1362 1322 1426 per·

158 1448 350 1515 suadebitur.
383 1448 472 1512 Eust.
495 1470 525 1530 p.
551 1448 649 1524 1456,
671 1449 723 1512 44.
747 1448 844 1524 enim,
876 1450 930 1532 qui
957 1447 1086 1531 respicit
1117 1449 1160 1512 ed
1185 1448 1244 1526 84,
1269 1449 1325 1523 rt,

158 1557 290 1621 eandem
309 1561 404 1637 atque
423 1556 633 1619 atticistarum
652 1554 753 1637 legem
771 1556 920 1637 protulit:
944 1555 1026 1637 φασὶ
1036 1553 1062 1640 ¹)
1078 1553 1114 1619 δὲ
1128 1550 1163 1617 οἱ
1176 1554 1325 1633 παλαιοὶ,

159 1657 205 1739 ὡς
233 1652 370 1727 ἐπειδάν
396 1652 540 1747 ἤρξαντο
559 1651 728 1747 Άθηναϊαι
754 1673 908 1746 γυναῖκες
931 1660 1088 1745 λέγεσθαι
1111 1651 1188 1725 άντὶ
1212 1652 1325 1726 ἀστῶν

157 1770 215 1833 καὶ
232 1761 399 1847 Ἀττικῶν,
423 1760 469 1843 ὡς
495 1762 704 1854 Φερεκράτης
727 1767 779 1854 (fr.
799 1768 850 1832 34.
870 1767 973 1853 Kock)

242 1865 430 1960 Άθηναίαις
453 1863 568 1950 αὐταῖς
590 1896 627 1939 τε
651 1876 708 1939 καὶ
729 1887 802 1951 ταῖς
825 1869 1015 1959 ξυμμάχοις,

158 1977 235 2046 τότε
249 1973 372 2066 ἤρξατο
393 1978 502 2066 ἐκείνη
521 1982 575 2065 (so.
587 1980 660 2064 dea)
675 1980 832 2065 λέγεσθαι
850 1975 1079 2066 τρισυλλάβως
1091 1971 1225 2066 Ἀθηνᾶ.
1250 1982 1326 2067 περὶ

160 2089 195 2154 δὲ
213 2083 338 2152 τούτου
357 2085 483 2173 εἴρηται
502 2088 558 2151 καὶ
577 2085 614 2151 ἐν
629 2083 649 2151 ά
664 2095 722 2172 τῆς
735 2079 870 2164 Ἰλιάδος
883 2087 1102 2174 (i.e.84‚17.).
1126 2087 1231 2155 Locus
1244 2088 1325 2152 Phe-

158 2201 318 2261 reorateus
341 2195 383 2260 ad
406 2194 626 2259 illustrandam
649 2195 910 2259 attioistarum
934 2195 1122 2260 sententiam
1146 2194 1326 2260 adhibetur.

159 2301 262 2386 Supra
289 2323 361 2365 eum
387 2300 594 2385 Aristophani
621 2301 773 2386 Byzantio
803 2301 1005 2365 tribuendum
1032 2322 1099 2366 esse
1128 2302 1326 2366 coniecimus.

159 2410 210 2473 Ad
232 2430 303 2473 eum
325 2408 424 2492 igitur
446 2407 548 2485 finem,
571 2409 624 2492 qui
647 2410 828 2492 propositus
851 2413 929 2483 erat,
952 2413 1137 2490 perventum
1160 2413 1218 2473 est.

247 2515 455 2580 Transeamus
470 2516 511 2579 ad
526 2537 564 2579 ea
578 2517 723 2598 scripta
737 2514 1031 2598 Aristophanae,
1050 2535 1209 2597 quorum
1223 2514 1325 2598 frag·

159 2628 284 2688 menta
301 2645 368 2706 per
386 2621 607 2687 Suetonium
626 2623 672 2686 ad
690 2643 756 2686 nos
774 2626 1037 2704 pervenerunt
1065 2621 1113 2686 Ac
1130 2622 1271 2704 primum
1288 2622 1326 2686 li-

159 2730 251 2796 brum
278 2730 368 2814 περὶ
395 2732 653 2814 βλασφημιῶν
681 2727 734 2813 (cf.
753 2728 872 2793 Nauck.
890 2750 919 2811 p.
941 2728 1129 2805 162-180,
1153 2727 1244 2802 (lehn
1267 2729 1287 2794 l.
1307 2728 1325 2794 l.

158 2860 188 2921 p.
208 2835 398 2922 327-339)
417 2837 480 2900 iam
503 2856 598 2918 supra
621 2858 650 2918 p.
668 2834 721 2899 46.
740 2833 781 2898 ab
804 2835 953 2900 atticistis
976 2834 1156 2900 adhibitum
1179 2856 1249 2901 esse
1272 2835 1327 2902 de·

159 2943 408 3009 monstravimus.
440 2941 609 3006 Homerica
627 2940 776 3024 exempla,
795 2962 876 3023 quae
894 2962 942 3025 ap.
962 2940 1038 3005 Mill.
1055 2962 1085 3024 p.
1103 2941 1170 3005 413
1190 2963 1230 3006 ex
1249 2941 1327 3008 Sue-

159 3053 246 3116 tonio
265 3049 460 3126 adferuntur,
480 3048 569 3112 nulla
584 3049 669 3130 apud
683 3049 839 3112 atticistas
855 3056 1008 3112 eteorum
1023 3053 1195 3114 sectatores
1209 3049 1328 3114 iterum

159 3155 334 3240 indagabis.
367 3155 456 3219 Idem
474 3153 511 3219 fit
529 3155 562 3218 in
580 3155 683 3236 eapite
703 3151 756 3218 ἐπὶ
776 3145 912 3239 ἀνδρῶν
931 3147 1140 3222 άκολάστων.
1177 3156 1329 3222 Redeunt

159 3262 310 3328 nonnulla
336 3260 489 3325 vocabula
517 3269 549 3325 et
575 3261 660 3343 apud
683 3260 885 3326 Eustathium
914 3267 946 3326 et
973 3262 1059 3345 apud
1086 3262 1327 3347 lexicographos

160 3369 212 3456 (cf.
231 3363 346 3453 κηλῶν
369 3374 401 3431 et
424 3366 536 3451 Sum),
559 3366 637 3431 certi
659 3372 766 3432 tamen
788 3369 923 3451 aliquid,
947 3390 1017 3433 curn
1040 3367 1253 3452 fragmentum
1278 3371 1326 3434 di-

159 3480 280 3540 rectum
304 3476 399 3550 desit,
423 3472 581 3538 affirmari¹
597 3495 660 3539 non
682 3480 795 3558 potest.
837 3475 951 3540 Melius
973 3497 1023 3540 res
1047 3476 1142 3540 cessit
1163 3474 1198 3538 in
1221 3477 1327 3560 capite

160 3580 215 3646 ἐπὶ
232 3588 411 3665 γυναικῶν.
449 3579 631 3645 Scortorum
650 3582 733 3646 enim
752 3583 929 3665 catalogum
947 3583 1107 3647 atticistae
1125 3588 1275 3664 exparte
1293 3583 1327 3648 in

160 3710 238 3771 opus
253 3688 493 3753 transtulerunt.
520 3686 592 3751 Non
611 3688 738 3770 quidem
752 3711 789 3754 ex
805 3688 882 3753 Mill.
898 3685 969 3753 Mel.
984 3689 1018 3752 id
1036 3687 1118 3754 effici
1135 3692 1251 3771 potest,
1270 3691 1327 3755 sed

159 3795 262 3860 tribus
281 3795 343 3860 illis
361 3796 437 3860 locis
451 3793 670 3858 Eustathianis
684 3793 727 3879 (p.
745 3795 839 3870 1329,
854 3795 906 3860 32.
924 3795 1017 3871 1088,
1032 3795 1084 3859 33.
1102 3794 1196 3872 1921,
1215 3794 1274 3883 58)
1295 3801 1328 3860 et

161 3901 246 3968 Suid.
261 3925 284 3967 s.
300 3924 325 3966 v.
340 3897 523 3988 pvodpvff)
544 3901 718 3984 adsumptis
737 3902 828 3985 plura
847 3903 943 3966 etiam
961 3902 1040 3967 talia
1058 3902 1211 3968 vocabula
1226 3902 1327 3968 Grae-

249 4082 270 4143 1)
289 4079 391 4134 Rindfl.
410 4097 436 4148 p.
454 4081 496 4134 32.
516 4085 611 4134 contra
630 4078 767 4133 Meierum
786 4080 857 4134 hanc
880 4077 1023 4147 periodum
1047 4078 1179 4133 atticistis
1198 4078 1326 4132 adimere

160 4169 274 4223 studuit.
294 4168 406 4222 Iniuria.
426 4168 501 4223 Suid.
515 4169 597 4237 enim,
619 4169 665 4237 qui
683 4185 744 4222 com
759 4167 889 4223 atticistis
904 4165 1032 4234 concinit,
1051 4166 1137 4222 etiam
1150 4168 1220 4222 haec
1239 4168 1325 4223 verba

160 4256 196 4311 iis
214 4255 362 4311 tribuenda
381 4273 441 4311 esse
459 4258 540 4311 testis
559 4262 610 4311 est.

250 4346 269 4412 a)
288 4344 321 4398 cf.
335 4345 441 4399 Nauck.
455 4363 481 4413 p.
496 4347 555 4401 167.
568 4362 608 4414 sq.
623 4346 706 4401 Cohn.
720 4345 738 4400 l.
752 4345 769 4399 l.
783 4347 843 4402 329.
857 4362 897 4415 sq.
