3000 5040
701 445 735 509 Δ.

224 586 294 648 115.
327 584 500 650 Eustath.
518 608 548 668 p.
570 586 665 662 1241,
683 586 735 650 46.
769 581 993 673 Κάγκαναῐ)
1013 584 1049 651 δὲ
1067 586 1196 671 γίνεται
1214 609 1308 672 παρα

131 682 171 756 τὰ
190 692 298 755 καίειν
316 692 373 755 καὶ
391 693 531 772 καίνειν,
549 684 591 757 τὰ
611 691 656 770 εἰς
674 685 713 758 τὰ
733 694 892 759 καίεσθαι
910 688 1104 778 καινόμενα,
1127 685 1203 779 ἢτοι
1222 715 1307 757 κοτι-

130 793 263 882 τόμενα.
297 800 526 876 Παυσανίας
553 799 589 864 δὲ
618 791 751 880 δανὰί)
778 791 821 864 τὰ
849 807 989 864 τοιαῦτα
1017 795 1099 880 ξύλα
1127 803 1307 864 καλεῖσθαι

132 905 235 991 δηλοῖ.
264 906 344 991 φησὶ
361 901 437 990 γὰρ·
468 897 567 970 δανὰ·
592 897 755 971 εύκέαστα
773 906 888 992 (Meicr
907 899 1074 972 εύκαυστα
1094 909 1188 991 corr.)
1214 897 1307 991 ξηρὰ,

104 1005 223 1096 occupo}
245 1002 285 1076 τὰ
311 1008 478 1077 δεύεσθαι.

223 1119 294 1182 116.
326 1117 499 1182 Eustath.
518 1140 547 1200 p.
570 1118 664 1194 1369,
683 1119 734 1182 42.
766 1109 858 1204 παρὰ
878 1117 1004 1203 Αἰλίῳ
1027 1118 1225 1202 Διονυσίῳ
1249 1119 1308 1182 καὶ

47 1285 49 1287 .
132 1218 283 1308 ἑτέροις
306 1223 443 1308 φέρεται
465 1225 523 1288 καὶ
544 1231 664 1288 ταῦτα·
690 1221 891 1311 suasore)
916 1219 1096 1309 στρώματα
1119 1217 1212 1288 ὰττα.
1243 1227 1307 1288 Φε-

131 1325 292 1415 ρεκράτης
315 1330 367 1414 (fr.
389 1331 460 1395 185.
479 1330 582 1416 Kock)

39 1468 52 1500 κ
132 1428 272 1521 ὰχορὰς
301 1427 334 1501 δ>
353 1429 467 1513 αύτοίς
494 1431 558 1521 εἶχε
588 1431 730 1513 δάπιδας
756 1427 909 1521 ῥυπαρὰς
931 1437 988 1500 καὶ
1012 1431 1306 1522 στρωματόδεσμα.

56 1547 71 1604 ‘r
92 1562 118 1600 10
132 1541 265 1627 λέγουσι
288 1541 339 1621 δέ,
368 1560 475 1629 φησι,
503 1545 560 1607 καὶ
583 1531 619 1608 ἓν
644 1550 695 1628 τῷ
717 1549 781 1608 ταῦ
803 1539 1016 1629 τάπιδαςλ).
1052 1538 1230 1629 δάπητας
1260 1543 1308 1623 δέ,

132 1665 265 1734 φησιν,
290 1645 405 1733 ἔλεγον
424 1647 457 1713 οἱ
476 1651 613 1715 παλαιοὶ
636 1641 678 1714 τὰ
702 1645 922 1736 ἐπιβόλαιαί).
947 1646 980 1714 οί
1004 1648 1041 1713 δὲ
1063 1644 1225 1734 νεώτεροι
1248 1645 1308 1714 τοί-

131 1776 238 1840 τιητας
263 1753 299 1819 ἐν
324 1757 399 1820 δυσ)
421 1764 497 1836 ταῦ,
525 1763 575 1840 τῷ
598 1747 685 1821 κατὰ
712 1748 774 1842 τὴν
797 1747 916 1842 ἀρχὴν,
943 1763 993 1840 τῷ
1021 1747 1107 1820 κατὰ
1133 1746 1174 1819 τὰ
1198 1754 1306 1832 τέλος.

223 1861 294 1926 117.
319 1862 487 1928 Eustath.
507 1885 536 1946 p.
557 1864 631 1940 274,
652 1863 701 1926 24.
728 1863 911 1948 δαῦλονῙ)
930 1853 1053 1948 γὰρτὸ
1078 1853 1161 1927 δασύ
1185 1857 1305 1944 ἔλεγον

130 1967 476 2052 προπερισποαμίνοος,
505 1961 551 2046 ὡς
579 1970 677 2056 δηλοῖ
701 1970 930 2045 Παυσανίας
959 1960 1079 2034 circuio·
1115 1969 1242 2034 δαῦλον
1264 1959 1307 2033 τὰ

92 2092 118 2132 1⁵
132 2065 225 2150 δασύ,
247 2065 268 2159 ἦ
291 2073 439 2160 προτέρα
457 2083 668 2160 περισπῦται.
697 2072 861 2160 Αἰσχύλος
879 2075 930 2160 (fr.
952 2076 1003 2142 27.
1023 2074 1156 2160 Nauck.)
1181 2074 1307 2151 δαῦλος

132 2172 166 2246 δ’
184 2173 304 2267 ύτιήνη.
332 2182 370 2246 cf.
389 2181 480 2246 Paus.
499 2184 616 2266 pericg.
634 2183 672 2248 X.
691 2184 722 2260 4,
743 2184 769 2248 7.

223 2288 294 2353 118.
325 2289 497 2354 Eustath.
517 2311 546 2372 p.
569 2289 664 2365 1221,
684 2290 734 2354 26.
768 2287 881 2354 ἰστέον
900 2287 936 2354 δε
960 2278 1013 2354 ὅτι
1036 2278 1127 2373 παρὰ
1145 2288 1307 2352 Παυσα-

131 2394 196 2482 νίᾳ
214 2393 351 2480 φέρεται
370 2395 543 2480 δελφίςῑ)
563 2388 710 2481 ὄργανον
728 2391 987 2482 πολεμιστήριον
1005 2387 1091 2480 πρὸς
1108 2394 1308 2477 ναυμαχίαν,

177 2572 237 2625 115.
258 2571 279 2642 ¹)
299 2573 366 2627 Cum
386 2589 429 2641 ap.
448 2572 526 2626 Eust.
546 2588 627 2626 voces
646 2567 778 2642 κάγκανα
798 2575 826 2626 et
839 2568 909 2626 δανὰ
929 2586 1039 2640 semper
1058 2570 1221 2626 coniunctae
1241 2586 1306 2640 pro·

131 2659 270 2729 ferantur,
296 2661 380 2715 etiam
398 2663 470 2715 hanc
489 2662 608 2730 glossam
626 2660 758 2716 atticistis
776 2677 830 2715 non
849 2659 1075 2715 abiudicaverim.
1101 2659 1135 2713 cf.
1150 2676 1176 2728 p.
1196 2659 1264 2726 871,
1280 2659 1305 2713 4.

133 2747 210 2815 1605,
230 2749 255 2804 5.
275 2750 353 2815 1783,
374 2751 397 2805 7.
418 2752 501 2818 1848,
520 2752 562 2805 32.
582 2780 617 2789 -
636 2749 671 2808 cf.
691 2749 765 2805 Suid.
784 2750 852 2804 Lex.
871 2750 985 2804 Bachm.
1005 2749 1070 2814 265,
1090 2749 1131 2803 10.
1152 2747 1217 2802 Hes.
1239 2763 1261 2801 s.
1281 2764 1306 2800 v.

132 2837 295 2906 καγκαίνει,
314 2836 476 2908 καγκαλέα,
500 2834 662 2909 κοίμκαμαν,
686 2836 868 2908 καγκομένης
886 2841 915 2892 et
933 2833 1078 2893 κάνκανον
1096 2826 1173 2892 ύλαν.
1202 2836 1247 2890 Et.
1267 2837 1306 2891 M.

131 2925 192 2988 482,
211 2925 254 2980 34.
275 2926 344 2980 (iud.
364 2928 424 2992 289,
444 2929 487 2984 39.
507 2928 552 2983 Or.
571 2929 614 2994 87,
635 2928 676 2982 14.

221 3015 241 3080 ²)
260 3014 296 3069 cf.
314 3015 380 3069 Hes.
399 3014 474 3070 Suid.
494 3013 565 3070 δανὰ
587 3011 623 3070 τὰ
647 3011 719 3086 ξηρὰ
743 3010 825 3081 ξύλα·
854 3011 887 3070 τὸ
911 3017 944 3070 δᾶ
963 3010 1084 3085 μακρὸν.
1115 3013 1305 3082 Καλλίμαχος.

131 3097 222 3167 ,ξύλα
241 3098 310 3157 δανὰ
329 3100 453 3158 κεάοσαι
472 3107 499 3172 (o
517 3104 600 3174 322)“
618 3102 747 3159 τουτέστι
768 3106 870 3174 σχίσαι.
900 3105 934 3160 cf.
953 3106 998 3159 Et.
1018 3105 1056 3159 M.
1076 3103 1137 3168 247,
1156 3101 1198 3157 36.
1224 3096 1305 3156 δανὰ.

131 3185 166 3245 τὰ
190 3187 262 3260 ξηρὰ
281 3186 358 3256 ξύλα.
388 3182 463 3246 ούτω
481 3194 539 3246 καί
562 3190 611 3256 εἰς
633 3189 670 3247 τὸ
694 3188 890 3264 ῥητορικόν.
920 3185 981 3247 οἷον
999 3186 1063 3255 ,διὰ
1087 3209 1118 3246 τε
1137 3184 1208 3256 ξύλα
1231 3184 1304 3244 δανὰ

131 3275 282 3347 κέασσαιίί,
301 3271 320 3348 ἢ
338 3276 416 3350 παρὰ
435 3279 467 3335 τὸ
487 3281 555 3334 δαία)
574 3277 607 3335 τὰ
626 3281 710 3344 καίω,
734 3276 769 3335 τὰ
789 3279 830 3346 εἰς
847 3284 950 3336 καῦσιν
972 3275 1129 3349 ἐπιτήδεια,
1149 3271 1304 3347 εύκαυστα,

132 3361 237 3437 θερμά.
258 3367 291 3422 cf.
310 3369 355 3423 Et.
376 3369 446 3423 Gud.
467 3371 526 3437 134,
546 3370 571 3423 4.

177 3458 236 3512 116.
258 3456 278 3527 ¹)
299 3456 333 3511 cf.
357 3456 390 3512 fr.
410 3459 470 3513 309.
496 3459 577 3512 Oonv.
596 3459 642 3512 Et.
663 3460 701 3513 M.
724 3459 792 3524 248,
813 3461 854 3514 13.
892 3459 991 3514 Glossa
1008 3456 1158 3524 rhetorica,
1178 3455 1213 3511 cf.
1232 3456 1306 3510 Mill.

131 3545 197 3601 Mel.
216 3562 242 3615 p.
262 3547 304 3601 81.
324 3547 441 3616 Heydcn
459 3564 485 3616 p.
506 3547 566 3602 256.
586 3548 652 3602 Hcs.
672 3542 794 3611 δάπιδος.
815 3548 890 3603 Suid.
910 3547 1000 3602 Schol.
1020 3549 1067 3601 Ar.
1086 3547 1169 3614 Vesp.
1190 3546 1251 3600 676.

221 3636 241 3700 2)
260 3634 294 3690 cf.
315 3636 380 3690 Hes.

221 3723 296 3791 3)ο1.
316 3726 394 3778 Phot.
414 3724 488 3780 Suid.

177 3814 237 3868 117.
259 3814 279 3883 1)
299 3813 423 3882 Suspicio
446 3820 584 3879 movetur,
613 3829 649 3866 an
671 3816 731 3868 tota
759 3813 909 3883 explicatio
933 3830 967 3867 ex
995 3811 1134 3866 Pausania
1160 3809 1306 3879 periegsta

132 3905 242 3970 sumpta
261 3901 304 3967 sit,
325 3902 359 3956 cf.
374 3902 474 3957 Rindfl.
488 3919 514 3971 p.
531 3902 572 3957 66.
602 3902 664 3957 Non
678 3907 772 3956 tamen
787 3908 838 3970 est,
859 3919 907 3956 cur
919 3904 991 3956 hanc
1005 3899 1220 3970 explicationem
1231 3899 1304 3953 Pau-

132 3992 227 4046 saniae
248 3992 389 4046 atticistae
409 3991 533 4045 tribuere
552 3991 725 4059 dubitem,
751 4007 812 4045 cum
836 3993 933 4045 eadem
957 4007 1001 4059 ap.
1022 3991 1086 4044 Hcs.
1106 3988 1181 4043 Suid.
1200 3987 1245 4041 Et.
1266 3987 1305 4040 M.

132 4079 192 4144 249,
212 4079 254 4132 49.
274 4081 336 4146 250,
355 4079 380 4133 4.
400 4080 505 4134 redeat.
529 4080 631 4133 Vocem
650 4078 705 4134 iam
724 4079 846 4147 antiquis
865 4078 1036 4148 temporibus
1055 4077 1141 4132 fuisse
1161 4077 1304 4131 oblittera-

132 4173 190 4221 tam
209 4168 290 4221 docet
308 4168 406 4222 Strabo
425 4185 451 4238 p.
472 4168 532 4222 421.

178 4256 238 4310 118.
259 4257 281 4320 ι)
300 4256 382 4310 Oonv.
402 4256 490 4322 Suid.,
515 4255 562 4325 qui
582 4257 669 4311 Thuc.
688 4257 749 4312 VII.
769 4257 811 4310 41.
831 4257 934 4310 laudat.
964 4255 1076 4311 Glossas
1095 4255 1151 4310 iam
1174 4254 1203 4308 in
1227 4252 1306 4308 fonte

131 4344 286 4399 Pausaniae
307 4344 467 4401 coniunctas
486 4344 572 4400 fuisse
592 4347 673 4400 docet
691 4346 758 4400 Poll.
778 4348 799 4402 Ι.
819 4347 862 4402 85.
881 4345 927 4401 Et.
946 4346 983 4401 M.
1004 4345 1064 4411 255,
1084 4345 1127 4400 25.
