3000 5040
726 268 769 332 20

164 417 254 493 πάν·
288 416 432 510 χειλός·
471 421 555 507 πόα,
588 421 719 511 χόρτος.
773 432 906 493 λεϊσθαι
937 428 994 492 καὶ
1026 430 1192 508 σπάσθαι,
1230 420 1345 515 ἤγουν

163 525 248 619 παρ’
263 524 355 617 αὐτῷ
374 532 410 598 δὲ
429 534 485 597 καὶ
505 525 558 599 διά
579 529 720 618 διφθόγ-
774 541 952 601 κινεῖσθαι.
1006 524 1091 600 ὅθεν
1131 534 1190 599 καὶ
1235 531 1345 600 εἰλά-

163 663 225 725 γου
238 635 410 726 γράφεται,
425 632 624 726 άςῆαάτοῦ
633 659 720 706 στοι-
775 660 914 727 σποομα
954 634 974 728 ἦ
1018 637 1155 728 τοιαύτη
1197 643 1344 729 κίνησις.

162 738 278 833 χειακῆ
325 739 515 813 ἀκολουθία
554 744 720 829 βούλεται.
775 750 831 812 καὶ
867 741 888 834 ἡ
926 749 1080 814 κλεισία
1117 746 1154 813 δὲ
1195 749 1257 812 καὶ
1302 740 1344 814 τά

164 853 202 920 cf.
226 853 263 920 fr.
287 853 359 922 323.
384 877 409 920 ο.
432 856 524 922 notis.
774 855 953 920 κλεισίον
985 857 1042 920 καὶ
1072 845 1113 919 τά
1143 853 1343 922 πέάειλον

775 962 961 1048 διφορεῑται
988 972 1058 1039 τοῖς
1079 965 1253 1043 παλαιοῖς,
1282 963 1344 1028 καὶ

773 1062 873 1150 άλλα,
910 1067 947 1133 ἒν
984 1063 1033 1146 οἷς
1069 1069 1126 1133 καὶ
1158 1060 1177 1133 ὃ
1213 1066 1340 1153 χιλός.

773 1175 827 1261 (fr.
851 1175 940 1261 397.)

250 1283 338 1362 Quae
356 1286 448 1348 tema
465 1282 608 1367 exempla
629 1282 878 1349 luculentissima
900 1281 1056 1348 sufficient
1078 1283 1120 1347 ad
1143 1282 1340 1367 opinionem,

162 1411 257 1475 quam
280 1412 376 1475 supra
397 1391 594 1474 protulimus,
618 1389 877 1466 confirmandam,
904 1391 1076 1456 lexieorum
1102 1389 1339 1458 rhetoricorum

162 1502 307 1564 auctores
325 1497 511 1582 plerumque
528 1497 632 1563 nullos
654 1498 734 1564 alios
752 1497 988 1564 substituendos
1007 1517 1188 1581 essequam
1206 1497 1339 1564 Aelium

161 1605 346 1690 Dionysium
369 1609 402 1670 et
424 1604 612 1670 Pausaniam
635 1606 801 1671 atticistas.
847 1605 1064 1688 Argumentis,
1091 1611 1128 1670 ut
1149 1609 1243 1689 puto,
1267 1627 1337 1672 cer·

161 1712 291 1777 tissimis
310 1713 351 1776 ad
374 1717 516 1776 nostram
540 1713 729 1778 sententiam
751 1710 937 1777 firmandam
960 1712 1139 1796 propositis,
1162 1713 1228 1777 iam
1252 1713 1337 1780 aliae

160 1818 283 1902 glossae
306 1801 543 1901 subiungendae
562 1820 716 1897 videntur,
740 1840 820 1903 quae
842 1818 938 1884 simili
960 1820 1084 1886 ratione
1107 1819 1148 1884 ad
1171 1819 1335 1886 atticistas

161 1925 302 1990 revocari
324 1930 464 2009 possunt.

251 2031 428 2118 Utrumque
450 2033 625 2098 atticistam
651 2032 845 2118 appellatum
869 2055 936 2100 esse
959 2032 996 2099 ἐν
1018 2037 1139 2118 λεξικηῦ
1161 2028 1334 2120 ῥητορικῷ

162 2161 201 2204 ex
217 2139 305 2206 Eust.
325 2162 356 2224 p.
377 2139 471 2218 1399,
490 2140 532 2205 28
552 2139 611 2227 (=
629 2139 666 2206 fr.
686 2140 775 2229 390),
798 2141 824 2207 si
842 2162 965 2206 meeum
982 2139 1232 2218 ratiocinaberis,
1256 2162 1332 2207 con-

161 2247 266 2312 cedes:
300 2245 337 2311 ἓν
366 2246 402 2311 δὲ
428 2243 499 2334 ῥητ.
523 2251 587 2328 lag.
610 2238 795 2334 ἡγεῖσθαι
817 2249 874 2312 καὶ
902 2247 958 2313 ἐπὶ
984 2244 1092 2333 γάμου
1114 2253 1252 2333 πομπῆς
1275 2249 1333 2313 καὶ

161 2349 387 2441 προηγητήρ
408 2371 511 2438 φασιν
529 2393 572 2402 -
591 2352 722 2439 ἐλέγετο
739 2354 785 2435 δέ,
804 2372 914 2438 φασι,
932 2357 989 2420 καὶ
1005 2348 1171 2442 ἡγήτρια
1188 2351 1333 2442 παλάθη

160 2485 210 2539 τις
232 2455 391 2549 ἡπρώτη
409 2460 605 2549 πεμπομένη
625 2460 662 2526 ἒν
680 2475 752 2538 ταῖς
770 2475 927 2547 πομπαῖς.
948 2491 992 2520 --
1014 2462 1105 2528 Phot.
1123 2463 1173 2528 Et.
1193 2462 1234 2528 M.
1254 2462 1332 2539 418,

160 2569 203 2633 49
214 2569 248 2657 ¹).
269 2609 309 2620 -
334 2569 379 2635 Ut
401 2571 442 2635 ad
465 2567 560 2634 finem
582 2570 809 2654 perveniamus,
832 2569 1094 2655 proficiscendum
1116 2575 1165 2634 est
1187 2590 1208 2634 a
1226 2567 1331 2634 Schol.

160 2676 240 2742 Plat.
263 2677 355 2760 Resp.
378 2675 474 2742 4700
498 2676 548 2764 (fr.
572 2677 630 2764 36)
653 2669 884 2765 άλιτηριιάδης,
907 2679 992 2763 quod
1015 2700 1053 2744 ex
1075 2676 1160 2742 Aelii
1182 2675 1331 2761 Dionysii

161 2783 285 2848 scriniis
317 2785 537 2869 depromptum
568 2806 635 2851 esse
667 2789 799 2851 constat.
842 2785 965 2877 Eadem
991 2783 1058 2850 fere
1085 2786 1252 2848 recurrunt
1280 2803 1330 2867 ap.

159 2889 474 2956 Pseudozenodorum
492 2921 535 2948 =
554 2891 631 2956 Mill.
646 2890 717 2958 Mel.
733 2915 763 2976 p.
778 2892 862 2969 411,
881 2893 966 2975 apud
980 2912 1073 2974 quem
1090 2890 1177 2955 locus
1195 2889 1331 2973 plenior,

160 2997 200 3061 de
217 3017 292 3062 voce
311 2994 523 3085 συκοφάντης
541 2999 671 3082 eiusque
689 2998 811 3083 origine
834 3019 938 3082 agens,
963 2999 1112 3082 sequitur.
1149 2997 1329 3081 Utramque

160 3103 295 3186 glossam
322 3126 387 3169 non
413 3104 605 3190 Zenodori2)
634 3125 714 3183 esse,
746 3107 866 3184 dudum
894 3127 1001 3172 omues
1029 3105 1253 3172 existimavere
1277 3104 1329 3192 (f.

159 3208 283 3287 Nauck,
306 3210 377 3275 Mel.
402 3210 614 3277 Graec-Rom.
637 3234 667 3296 p.
693 3210 770 3289 165,
792 3212 973 3290 Fresenius,
995 3235 1024 3297 p.
1049 3213 1101 3279 29.
1128 3216 1207 3289 not,
1231 3210 1330 3288 Cohn,

159 3315 292 3382 Jahrbb.
316 3315 423 3402 Suppl.
445 3317 534 3383 XIII.
557 3341 587 3402 p.
611 3318 699 3404 821).
731 3319 838 3384 Eiam
861 3320 981 3403 glossas
1003 3320 1076 3384 illas
1099 3339 1206 3384 vocem
1230 3333 1330 3382 συκο-

159 3418 288 3510 φάντης
311 3425 503 3507 explicantes
531 3427 573 3489 ad
595 3426 751 3491 atticistas
779 3426 974 3492 reducendas
998 3447 1065 3491 esse
1088 3431 1175 3510 pute.
1222 3423 1331 3489 Verba

158 3530 238 3595 haec
265 3536 352 3596 sunt:
385 3527 599 3618 συκοφάντης
625 3529 755 3612 πόθεν·
783 3534 878 3598 δοκεῖ
902 3526 922 3619 ἡ
952 3538 1036 3619 συκῆ
1064 3523 1188 3619 εὕρημα
1211 3527 1330 3596 Διονύ-

160 3653 222 3702 σου
244 3639 301 3702 καὶ
323 3645 382 3725 τῆς
403 3645 531 3726 τροφῆς
560 3639 596 3703 δὲ
623 3632 748 3726 ἡμέρου
775 3647 916 3726 πρῶτον
939 3633 1126 3726 ἡγήσασθαι
1148 3629 1188 3704 τὸ
1213 3645 1329 3718 σῦκον,

248 3875 269 3939 1)
287 3873 349 3928 Nou
369 3889 403 3927 ex
423 3888 463 3940 eo,
484 3873 555 3941 quod
569 3871 651 3927 hodie
666 3876 751 3938 extat,
771 3871 861 3928 lexico
874 3873 1008 3928 Photiano
1023 3871 1200 3942 Etymologus
1214 3886 1328 3940 excerp-

159 3961 208 4027 sit,
233 3963 282 4015 sed
305 3978 339 4016 ex
359 3961 496 4031 pleniore,
520 3963 591 4030 quod
614 3961 733 4030 glossam
756 3957 820 4033 ἱερά
840 3965 912 4030 συκῆ
936 3978 996 4016 cum
1016 3954 1154 4031 ἢγητηρία
1177 3959 1328 4029 coniungit,

159 4066 229 4118 quae
248 4051 278 4104 iu
296 4056 388 4105 nostro
407 4051 499 4106 Photii
518 4052 671 4120 exemplari
689 4051 790 4106 omissa
809 4055 860 4118 est,
880 4050 914 4105 cf.
934 4051 1008 4106 Nab.
1028 4050 1046 4103 l.
1066 4049 1084 4104 l.

250 4138 271 4207 λ)
294 4139 387 4194 Etiam
412 4141 447 4210 gl.
467 4135 611 4210 ἀλιτήριος
633 4140 693 4195 loco
717 4157 765 4195 suo
788 4141 819 4194 in
841 4141 936 4194 codice
959 4143 1060 4194 motam
1084 4154 1144 4192 esse
1168 4138 1245 4192 Cohn
1266 4138 1285 4192 l.
1308 4140 1327 4192 l.

159 4233 236 4283 recte
256 4229 409 4283 contendit:
427 4246 517 4298 neque
530 4245 595 4285 vero
613 4229 700 4285 solum
715 4225 794 4293 oltra,
813 4231 863 4284 sed
882 4229 966 4283 etiam
984 4229 1030 4297 gll.
1046 4223 1228 4296 συκοφάντης
1242 4226 1326 4296 Didy-

159 4333 203 4371 mo
222 4317 422 4373 adscribendae
441 4324 512 4387 suut,
532 4335 592 4372 cum
613 4320 696 4374 etiam
715 4320 786 4373 haec
809 4335 861 4374 vox
880 4333 923 4387 ap.
943 4316 1011 4371 Plat.
1031 4317 1113 4387 Resp.
1133 4317 1215 4371 3401)
1235 4315 1323 4386 expli·

158 4411 244 4462 cetur.
