3000 5040
748 256 812 324 228

191 421 297 505 χρίειν
328 412 510 501 ἀλείφειν
537 418 667 504 λέγεται
694 420 752 483 καὶ
780 410 936 503 ἀλοιφή.
978 409 1031 483 διδ
1064 415 1102 484 ἐν
1134 410 1372 506 ῥητορικοῖς

194 532 367 608 λεξικοῑς
391 525 541 612 φέρεται,
565 517 619 592 δτι
642 518 843 613 ἀλοιμὸςῑ)
866 516 906 591 τὸ
931 516 1014 591 αὐτὸ
1037 527 1095 591 καὶ
1118 517 1308 615 ἀλοιφῆ1)
1329 517 1370 592 τὸ

194 641 265 700 τῶν
298 633 334 700 ἐν
367 633 472 711 οἴκοις
503 634 627 717 τοίχων
657 634 777 720 χρίσμα
810 633 867 698 καὶ
899 621 952 698 δτι
979 624 1241 722 ἀλοιφετονθ),
1275 621 1307 720 ᾧ
1339 630 1372 700 ολ

195 735 351 808 ἀλεῖπται
371 749 527 826 χρῶνται.

168 868 181 908 ε
286 851 359 914 351.
396 848 569 914 Eusiath.
594 870 623 932 p.
650 846 749 925 1257,
771 847 825 914 40.
862 844 900 912 ἐν
932 846 969 914 δὲ
996 843 1197 934 ῥητορικῷ
1225 852 1371 935 λεξικῷ

198 948 331 1044 εὕρηται
354 957 551 1021 καὶταῦτα·
585 946 823 1042 ἀλύσσεινῑ)
851 953 994 1040 τρέμειν,
1016 949 1224 1036 πάλλεσθαι,
1245 955 1373 1043 πηδᾶν,

198 1065 390 1149 δυσφορεῖν,
413 1058 509 1129 λύσιν
530 1052 574 1148 μὴ
599 1054 779 1146 εὑρίσκειν,
801 1062 991 1146 μαίνεσθαι.
1025 1060 1152 1150 εἴρηται
1175 1061 1270 1129 δέτι
1291 1064 1374 1150 περὶ

195 1168 320 1238 τούτου
343 1173 400 1235 καὶ
423 1168 460 1235 ἐν
478 1182 548 1246 τοῖς
567 1166 614 1246 εἰς
632 1159 820 1235 Ὀδύσσειαν
844 1169 887 1254 (p.
909 1168 1004 1247 1636,
1023 1167 1092 1256 24),
1116 1165 1204 1236 ἔνθα
1221 1161 1265 1236 τὰ
1284 1162 1373 1236 κατὰ

194 1271 257 1345 τὸν
277 1266 372 1364 Ἶρον.

158 1405 183 1442 1⁰
286 1385 360 1451 352.
393 1384 566 1451 Eustath.
589 1407 618 1469 p.
640 1384 783 1462 1283,1.
818 1374 1081 1470 ἀμφιδαλὴςῐ)
1106 1383 1143 1449 δὲ
1165 1394 1245 1463 παῖς
1268 1376 1289 1451 ὃ
1314 1377 1373 1470 ἀμ-

198 1494 400 1578 φοτέρωθεν
423 1487 562 1559 θάλλων
591 1484 681 1578 [ἤτοι
704 1482 943 1579 εὐδαιμονῶν),
970 1483 1090 1578 ἤγουν,
1117 1479 1146 1576 ᾦ
1172 1481 1287 1578 πατὴρ
1315 1492 1375 1557 καὶ

197 1597 302 1688 μήτηρ
334 1601 504 1686 περίεισιν.
548 1589 638 1680 ἅπαξ
670 1598 706 1664 δὲ
732 1590 753 1686 ἦ
780 1598 867 1679 λέξις
894 1597 1021 1685 εἴρηται
1047 1589 1140 1685 παρὰ
1167 1605 1217 1684 τῷ
1246 1605 1375 1686 ποιητῇ

199 1708 250 1793 (Χ
265 1707 364 1793 496.)
393 1697 635 1793 ἓτεροθαλῆς
656 1706 783 1789 μέντοι,
806 1694 835 1791 ᾦ
858 1701 1004 1793 θάτερος
1021 1712 1093 1771 τῶν
1113 1710 1271 1789 φυσικῶν
1294 1701 1374 1772 τού-

198 1837 269 1879 των
292 1809 429 1879 κλάδων
452 1805 674 1893 ἀπέσπασται,
697 1805 782 1880 καθ’
805 1803 847 1900 ἣν
867 1809 1002 1880 ἔννοιαν
1021 1814 1079 1879 καὶ
1100 1813 1219 1891 παῖδες
1240 1804 1375 1900 πατρὸς

159 1937 184 1977 1⁵
197 1913 241 2007 μὴ
270 1914 465 2006 ὁμομήτριοι
494 1916 705 2005 ἓτεροθαλεῑς
732 1920 895 2005 λέγονται.
920 1960 962 1970 -—
992 1918 1029 1987 ολ
1057 1919 1098 1986 δὲ
1125 1921 1294 1986 παλαιοὶ
1322 1919 1375 1985 λέ-

197 2050 327 2112 γοντες,
361 2017 413 2092 ὅτι
440 2019 642 2111 ἀμφιθαλεῖς
669 2025 702 2093 οἱ
735 2024 866 2112 ἔχοντες
898 2032 1026 2109 ζῶντας
1052 2019 1133 2106 τούς
1160 2023 1223 2094 δύο
1249 2038 1376 2113 γονεῖς,

198 2133 431 2219 προστιθέασι,
454 2136 512 2199 καὶ
536 2126 588 2200 ὅτι
612 2133 644 2201 ολ
667 2143 818 2202 τοιοῦτοι
840 2127 900 2213 τὰς
922 2130 1000 2201 τότε
1025 2129 1219 2222 εἰρεσιώνας
1241 2134 1375 2201 διεκοσ-

198 2249 333 2325 μοῦντο.

288 2349 363 2415 353.
394 2349 568 2414 Euatath.
586 2372 616 2434 p.
639 2350 738 2428 1920,
757 2350 809 2416 30.
841 2342 1115 2438 περιρρηδῆςῑ)
1144 2347 1181 2414 δὲ
1210 2340 1229 2414 ὃ
1253 2345 1375 2436 ἔρραν-

74 2514 76 2519 .
158 2474 185 2514 20
199 2456 351 2541 τισμένος
371 2455 492 2541 αἵματι,
513 2450 559 2534 ὡς
578 2448 646 2522 ἀπὸ
661 2464 724 2522 τοῦ
738 2453 839 2542 ῥάζω,
858 2459 937 2544 περὶ
951 2446 992 2524 οὖ
1005 2457 1201 2544 προείρηται
1218 2455 1264 2542 (p.
1278 2457 1376 2534 1887,

198 2564 266 2650 45).
292 2553 333 2629 οὗ
358 2559 512 2648 δεύτερος
536 2556 691 2648 ἀόριστος
714 2560 866 2650 ἔρραδον.
892 2555 979 2632 ὅθεν
1002 2544 1251 2652 δ’περιρρηδής.
1278 2553 1377 2652 εδρη·

198 2693 253 2736 ται
277 2671 313 2736 δὲ
336 2672 393 2735 καὶ
411 2662 694 2758 ἀμφιρρηδὴςῖ)
715 2669 756 2736 ἐν
775 2667 972 2757 ῥητορικῷ
990 2676 1133 2757 λεξικῷ
1152 2661 1238 2737 καθ’
1257 2663 1377 2756 ὅμοιό-

198 2802 281 2865 τητα
303 2773 428 2844 τούτου
451 2777 582 2861 λεχθέν.

243 2976 303 3031 350.
323 2977 344 3042 ¹)
364 2976 445 3030 conv.
459 2976 534 3043 Ηεε,
554 2973 588 3029 ef.
602 2973 731 3029 Eustath.
750 2991 777 3044 p.
796 2975 858 3042 975,
870 2975 923 3043 48,
942 2974 988 3044 qui
1007 2973 1101 3046 paullo
1119 2977 1185 3031 ante
1203 2973 1376 3032 Pausaniam

200 3063 334 3134 depinxit.
353 3064 399 3118 Et.
420 3065 458 3119 M.
478 3066 520 3130 69,
540 3064 584 3119 41.
602 3065 634 3118 Β.
652 3061 685 3118 A.
705 3065 766 3132 385,
786 3066 810 3120 9.

290 3153 311 3220 ²)
329 3153 396 3208 Hes.
416 3153 489 3208 Suid.
509 3154 541 3208 B.
559 3155 592 3208 A.
611 3153 729 3221 379,18.
748 3183 784 3192 -
802 3153 932 3209 Fortasse
951 3152 987 3223 gl.
1000 3145 1106 3222 ἄλειφε
1124 3169 1159 3208 ex
1178 3153 1277 3209 eodem
1296 3151 1376 3210 fonte

200 3241 320 3296 deducta
340 3248 390 3311 est,
410 3241 529 3297 ι1.Ηεε.
549 3242 647 3297 Galen.
666 3242 718 3296 vol.
739 3241 814 3298 XIX.
832 3259 859 3312 p.
879 3243 921 3297 74.
940 3242 1033 3298 thn.
1052 3243 1084 3298 B.
1103 3243 1136 3298 A.
1156 3244 1217 3310 375,
1238 3243 1262 3298 7.

289 3330 311 3398 ³)
331 3332 412 3388 Gonu.
432 3332 498 3387 Hea.
518 3349 538 3387 s.
556 3349 581 3386 v.
601 3328 739 3400 δλείφιον.

244 3421 305 3476 351.
325 3422 527 3476 Pausaniam
546 3437 697 3490 agnoscere
715 3420 785 3475 mihi
803 3421 907 3489 videor,
926 3420 960 3476 af.
979 3421 1057 3478 Euat.
1077 3439 1104 3492 p.
1124 3423 1202 3490 1636,
1221 3420 1265 3476 24.
1287 3417 1320 3488 ἐξ
1339 3411 1375 3476 οὗ

202 3505 233 3565 ἐν
251 3504 343 3565 Ἰλιάδι
362 3506 394 3565 τὸ
414 3506 557 3574 ἀλύσσειν,
578 3510 613 3565 ο1.
633 3514 689 3566 not.
709 3511 735 3565 1.
754 3511 790 3565 ad
809 3509 843 3566 fr.
862 3511 905 3566 40.

290 3601 311 3666 1)
331 3599 371 3654 Cf.
391 3600 456 3654 Heu.
476 3616 497 3655 a.
518 3617 542 3654 v.
562 3594 745 3664 ἀλύσσοντες,
765 3594 910 3654 diluam.
938 3599 982 3654 Et.
1002 3600 1040 3655 M.
1059 3600 1102 3669 72,
1120 3599 1165 3654 45.
1183 3599 1228 3654 54.

244 3690 304 3743 352.
328 3691 347 3750 1)
366 3688 427 3744 Non
445 3688 568 3755 dubium,
588 3689 653 3758 quin
666 3689 744 3743 Euat.
759 3705 820 3744 aeae
833 3691 884 3745 hoc
904 3691 963 3744 loco
983 3690 1019 3744 ad
1037 3688 1175 3744 attieieiaa
1188 3687 1375 3757 allegaverit,

201 3776 236 3862 ο).
249 3777 282 3833 fr.
300 3779 359 3834 157.
378 3809 413 3818 -
432 3778 566 3834 Convenit
584 3779 659 3834 Suid.
673 3781 717 3844 (=
736 3778 826 3834 Schol.
839 3781 887 3834 Ar.
903 3780 953 3834 Au.
968 3780 1057 3846 1737.)
1076 3778 1140 3834 Ηεε.
1154 3778 1185 3834 Β.
1199 3777 1233 3832 Δ.
1251 3775 1315 3844 883,
1328 3777 1374 3833 31.

201 3867 246 3921 Et.
265 3869 303 3923 M.
323 3868 370 3934 82,
389 3870 432 3924 33.
462 3868 502 3923 01.
520 3869 598 3923 Euat.
617 3885 643 3937 p.
664 3868 746 3934 1445,
766 3869 813 3937 50,
838 3869 886 3938 qui
907 3869 991 3925 etiam
1009 3862 1192 3938 ἀμφίδουλος,
1211 3862 1375 3940 ἀμφίβολος

203 3958 299 4011 eodem
319 3959 398 4011 modo
418 3974 433 4013 e
453 3963 605 4012 veterum
624 3973 675 4011 uau
693 3957 834 4027 explicare
854 3957 967 4013 studuit.

245 4047 306 4100 353.
327 4048 348 4114 ¹)
368 4047 407 4101 cf.
426 4048 505 4102 Phot.
525 4050 569 4116 (=
588 4047 656 4102 Lex.
675 4048 787 4102 Bachm.
806 4048 872 4112 310,
892 4049 917 4104 6.
936 4047 1036 4116 8515),
1056 4046 1103 4117 qui
1123 4048 1239 4102 eandem
1258 4062 1373 4116 corrup·

201 4133 286 4188 telam
307 4129 355 4188 ἐπ’
370 4130 522 4204 ὀχημάτων
534 4152 603 4205 prae
622 4153 651 4191 ae
664 4135 766 4201 ferunt,
786 4135 936 4191 cf.Nab.l.
950 4137 1017 4192 1.-
1036 4136 1075 4191 01.
1090 4136 1155 4191 Hes.
1175 4136 1252 4191 Erat.
1266 4153 1294 4206 p.
1310 4136 1373 4203 110,

202 4225 226 4278 6.
247 4224 337 4277 Klein.
358 4225 454 4280 Galen.
470 4225 545 4279 XIX.
564 4243 591 4297 p.
613 4226 672 4281 130.
691 4225 781 4280 thn.
801 4225 846 4282 Et.
866 4226 904 4282 M.
925 4227 985 4293 664,
1000 4226 1044 4282 31.
1063 4224 1152 4282 Sahal.
1171 4225 1263 4295 Apoll.
1282 4223 1373 4293 thd.
1421 4234 1424 4239 ’

201 4311 223 4366 Ι.
242 4312 303 4368 431.
323 4313 369 4368 IV.
391 4316 468 4369 1581.

292 4401 313 4472 ²)
331 4401 392 4457 Non
411 4403 524 4458 aliunde
543 4403 681 4472 cognitum
699 4409 750 4459 eat.
