3000 5040
823 271 885 338 176

356 434 429 498 213.
463 433 634 498 Eustath.
653 455 683 516 p.
702 434 777 509 916,
798 438 847 498 18.
871 428 1060 520 ἱππάκηῑ)
1079 423 1166 498 κατὰ
1184 430 1333 498 Αίλιον
1355 432 1442 498 Διο-

266 534 310 603 νί
318 556 408 604 σιον
430 543 547 624 βρῶμα
565 530 744 604 Σκυθικὸν
768 530 823 604 διὰ
841 534 1006 623 γάλακτος
1025 535 1164 605 ἱππείου
1183 533 1441 624 σκευαζόμενον.

354 647 428 713 214.
462 645 632 710 Eustath.
651 668 680 729 p.
700 646 775 722 911,
794 646 846 710 62.
879 646 936 710 καὶ
958 643 1099 728 ίτέαςῑ)
1119 645 1158 710 δέ
1178 667 1276 723 τινας
1299 636 1442 722 ἀσπίδας

264 751 404 829 Αἴλιος
423 747 631 828 Διονύσιος
650 749 777 837 ἱστορεῖ
789 750 905 836 φέρων
920 753 977 816 καί
993 759 1113 838 χρῆσιν
1132 749 1168 833 έξ
1179 741 1442 836 Ἀριστοφάνους

237 858 317 943 ⁶(fr.
336 859 388 924 65.
407 859 519 943 Kock.)
543 853 683 944 ταύτην·

543 955 627 1050 αὐὴρ
650 958 794 1050 πεδήτης
804 965 831 1050 ²)
854 963 948 1029 ἰτέαν
971 962 1161 1050 ἐνημμένος.

353 1070 427 1135 215.
462 1071 684 1153 Εοε1616.μ.
706 1071 806 1147 1896,
824 1071 877 1136 49.
910 1061 1079 1156 διαφορὰν
1103 1069 1139 1136 δὲ
1161 1069 1251 1148 τινές
1272 1087 1358 1153 φασι
1381 1075 1439 1136 Σι-

263 1181 438 1242 κελιοοτῶν
461 1179 518 1242 καὶ
541 1180 697 1242 Σικελῶν
720 1169 760 1242 τὸ
783 1168 863 1253 τοὺς
889 1176 952 1261 μέν
967 1167 1127 1262 Ἕλληνας
1149 1167 1229 1255 τοὺς
1254 1177 1291 1244 δέ
1314 1174 1438 1264 βαρβά-

263 1306 343 1368 ρους
367 1279 459 1349 εἶναι.
485 1285 566 1370 φησί
588 1291 671 1368 γοῦν
689 1282 827 1360 Α’ίλιος
850 1278 1074 1363 Διονύσιος,
1098 1273 1152 1349 ὅτι
1173 1275 1354 1370 Ἰταλοίλ)
1376 1283 1439 1368 μὲν

224 1415 250 1454 ιο
264 1386 296 1454 ot
318 1386 490 1475 βάρβαροι,
513 1382 733 1455 Ἰταλιῶται
758 1389 794 1455 δὲ
818 1387 851 1455 οἳ
874 1380 1253 1476 έπῳκηκότεςἝλληνες
1275 1381 1339 1476 τὴν
1362 1381 1438 1455 Ἰτα-

263 1496 348 1560 λίαν.
383 1488 474 1561 οὕτω
498 1497 555 1560 καὶ
577 1497 756 1575 Σικελοί,
779 1512 875 1582 φησι,
903 1497 960 1560 καὶ
982 1499 1228 1562 Σικελιῶται
1256 1495 1438 1582 διαφέρου-

264 1619 325 1666 σιν.
351 1593 464 1666 οὐκέτι
488 1601 524 1666 δὲ
548 1593 728 1686 ἀνάλογόν,
752 1619 843 1688 φησι,
870 1603 1066 1668 Θεσσαλοί
1083 1603 1140 1667 καὶ
1162 1603 1439 1668 Θεσσαλιῶται

262 1699 348 1792 πρὸς
371 1698 535 1794 ἀλλήλους
558 1705 705 1792 έχουσαι,
733 1699 811 1773 ιίλλ>
834 1708 871 1773 ἐκ
894 1716 957 1774 τοῦ
981 1707 1139 1774 ἐναντίου
1162 1703 1290 1793 σχεδόν.
1335 1705 1440 1786 ἔθνος

264 1809 326 1898 γάρ
355 1838 387 1878 τι
413 1822 485 1879 τῶν
509 1807 786 1899 ὑπεροικούνττον
808 1806 870 1901 τὴν
897 1817 1083 1881 Θεσσαλίαν
1106 1811 1287 1901 βαρβάρων
1314 1818 1439 1882 Θεσσα-

223 1942 249 1982 15
263 1923 381 1985 iactitat
404 1924 596 1985 καλοῦνται.

352 2027 425 2091 216.
458 2027 631 2092 Eusteth.
650 2050 679 2111 p.
691 2027 828 2104 811,42.
860 2025 992 2111 ἐλέγετο
1009 2027 1044 2093 δὲ
1059 2029 1116 2094 καί
1129 2023 1439 2117 ίχθύκεντρονῑ)

262 2124 348 2197 κατὰ
376 2133 608 2198 Παυσανίαν
634 2135 782 2219 τρίαινα,
809 2121 830 2216 ᾗ
859 2131 915 2198 έπὶ
940 2129 1097 2218 μεγάλων
1125 2131 1257 2221 ἰχθύων
1277 2143 1438 2222 χρῶνται.

827 2387 867 2448 Κ
958 2342 988 2406 .

352 2544 425 2608 217.
463 2541 635 2607 Eustath.
657 2564 686 2625 p.
714 2543 813 2619 1390,
836 2543 888 2608 48.
925 2547 1086 2630 θηλυκῶς
1117 2542 1205 2628 λέγει
1230 2535 1291 2622 τὰς
1319 2546 1441 2626 κίονας

259 2641 347 2715 ’κατὰ
380 2645 556 2715 διάλεκτον
587 2639 744 2734 Ἰωνικήν.
788 2646 858 2714 ἔστι
891 2649 926 2715 δὲ
958 2657 1061 2715 τοῦτο
1089 2651 1146 2715 καὶ
1172 2656 1245 2715 τῶν
1269 2642 1438 2719 Ἀττικῶν.

222 2794 248 2833 20
260 2757 362 2842 μυρία
390 2756 426 2821 δὲ
453 2750 593 2821 τοιαῦτά
621 2752 690 2820 ἐστι
718 2746 811 2840 παρὰ
837 2768 909 2832 τοῖς
935 2767 1103 2843 ποιηταῖς,
1130 2755 1165 2821 οἳ
1190 2747 1250 2834 τὰς
1276 2761 1359 2838 βοῦς
1385 2759 1438 2824 λέ-

261 2879 357 2947 γουσι
385 2863 441 2925 καὶ
467 2853 528 2938 τὰς
556 2858 681 2938 ἵππους
708 2862 764 2926 καί
791 2853 851 2938 τὰς
877 2854 1038 2948 ἡμιόνους
1064 2863 1122 2928 καὶ
1148 2853 1209 2941 τὰς
1236 2855 1355 2942 ἑλλοὺς
1379 2868 1439 2932 καὶ

261 2959 446 3044 vicentinae
470 2969 527 3031 καὶ
550 2959 609 3043 τὰς
632 2960 682 3044 ὄις
704 2969 762 3032 καὶ
785 2963 889 3052 έτερα.
918 2967 1056 3045 Α’ίλιος
1080 2967 1116 3033 δὲ
1139 2964 1351 3048 Διονύσιος
1372 2995 1438 3038 πα-

261 3068 544 3160 ρασημειούμευός
570 3095 662 3154 τινα,
690 3064 784 3150 ὅπως
811 3067 897 3140 κατὰ
924 3075 1003 3161 γένη
1026 3073 1273 3159 προφέρονταί,
1300 3094 1438 3165 φησιν,

306 3322 367 3376 213.
386 3322 408 3387 ¹)
427 3320 510 3375 conv.
529 3320 607 3375 Phot.
627 3321 692 3375 Hes.
711 3351 746 3361 —
765 3316 875 3391 innoixp
899 3329 976 3378 recte
994 3322 1096 3378 Rindfl.
1110 3340 1137 3393 p.
1150 3325 1194 3380 83.
1218 3323 1253 3380 ef.
1269 3324 1360 3382 Streb.
1372 3325 1436 3382 VII.

260 3426 288 3478 p.
307 3409 369 3477 300,
389 3409 436 3477 qui
454 3409 543 3463 locum
563 3410 749 3479 Aeschyleum
767 3409 811 3478 (fr.
833 3412 892 3466 198.
911 3411 1029 3480 Nauck.)
1048 3411 1153 3467 laudet.

304 3497 365 3551 214.
385 3498 406 3563 ¹)
426 3497 506 3552 Gonv.
530 3498 608 3552 Phot.
632 3499 698 3552 Hes.
723 3499 758 3553 cf.
781 3500 859 3553 Eunt.
883 3517 910 3569 p.
931 3501 1013 3569 1239,
1033 3501 1075 3555 61.
1100 3503 1246 3568 1667,19.
1270 3502 1305 3558 ci.
1325 3502 1359 3558 fr.
1378 3503 1436 3558 lex.

260 3589 331 3641 rhet.
346 3587 406 3642 408.
421 3580 517 3650 λωτός.
533 3617 568 3626 ·—
584 3588 681 3642 Fuerit
695 3587 812 3642 fortasse
827 3589 996 3644 adiectivum
1009 3590 1045 3645 ab
1060 3583 1120 3653 ίτυς
1137 3591 1248 3646 nomine
1267 3591 1435 3648 derinatum.

349 3676 369 3743 ²)
389 3675 454 3730 Fuit
472 3692 524 3730 vox
543 3677 739 3745 Aristophanis
758 3678 886 3746 Byzantii
905 3677 1229 3748 cf.Mi11.Me1.p.425.,
1249 3682 1322 3736 unde
1340 3682 1435 3738 conie-

260 3765 346 3820 cerim
370 3781 415 3831 en,
440 3781 511 3833 quae
529 3765 656 3820 Eustath.
681 3782 707 3834 p.
733 3767 798 3834 726,
822 3768 865 3821 31.
890 3768 977 3836 (Phot.
1000 3767 1070 3822 Poll.
1093 3769 1143 3822 III.
1168 3769 1221 3833 79.)
1244 3769 1377 3840 proferat,
1393 3771 1436 3826 ite.

259 3854 295 3911 ad
313 3870 363 3908 nos
381 3854 550 3922 pervenisse,
570 3857 602 3907 ut
619 3870 670 3922 per
689 3854 828 3910 atticistes
848 3856 884 3909 ed
902 3860 1025 3911 nostram
1043 3862 1166 3912 aetatem
1184 3858 1367 3914 manaverint.

207 3943 209 3949 ’
305 3943 364 3996 216.
386 3944 406 4008 1)
426 3941 460 3996 cf.
480 3943 573 4012 Steph.
592 3944 656 4012 Byz.
677 3959 697 3996 ε.
718 3960 742 3997 v.
760 3937 875 4008 Ἰταλία,
895 3936 1026 3999 ’Σικελία
1050 3948 1176 4000 Ammon.
1194 3962 1221 4015 p.
1242 3947 1365 4001 77128.
1386 3947 1435 4003 nt.

260 4029 330 4084 Gud.
348 4030 409 4098 284,
425 4032 466 4085 61.
481 4032 542 4099 600,
556 4033 598 4086 29.
614 4062 650 4070 -
665 4030 705 4085 ef.
719 4033 752 4086 A.
771 4032 862 4101 Kopp.
885 4034 928 4087 De
941 4037 1066 4088 Ammon.
1087 4034 1208 4089 distinct.
1229 4049 1324 4104 synon.
1343 4051 1370 4104 p.
1388 4035 1435 4090 33.

261 4117 427 4186 (Regimonti
446 4120 534 4184 1883).
562 4120 607 4174 Ex
625 4120 781 4189 Tryphonis
800 4120 880 4175 libris
899 4123 965 4192 περί
984 4117 1165 4193 παρωνύμιον
1183 4121 1298 4177 fluxisse
1316 4126 1392 4192 puto.

304 4206 365 4261 216.
387 4209 407 4273 ¹)
436 4208 517 4263 Gonv.
546 4209 625 4262 Phot.
667 4209 794 4263 Eandem
823 4209 1055 4277 significationem
1081 4211 1168 4266 habes
1196 4226 1242 4279 ap.
1270 4211 1337 4267 Ηοε.
1364 4211 1434 4267 Lex.

259 4294 605 4362 Bechm.265,1.Suid.,
629 4298 676 4365 qui
690 4312 785 4353 omnes
808 4293 1016 4368 ίχθυόκεντρον
1039 4299 1179 4353 exhibent.
1206 4299 1286 4354 Solus
1309 4299 1377 4354 Pon
1398 4300 1434 4355 X.

260 4383 320 4436 133.
340 4381 466 4451 τρίαιναν
484 4380 674 4456 ίχθύκεντρον
692 4386 806 4454 profert.
