3000 5040
828 217 894 285 234

840 402 874 464 Γ

365 521 439 586 368.
471 522 784 608 Eustath.p.370,
805 524 855 590 13.
887 524 999 591 ἰστέον
1023 525 1059 591 δὲ
1083 517 1198 592 ὅτιτὸ
1220 521 1334 612 γάμμα
1355 542 1446 593 στοι-

274 641 366 713 χεῖον
388 629 545 717 γέμμαῐ)
570 632 673 713 φασὶν
690 625 816 713 Ἴωνες,
839 634 896 698 καὶ
917 629 1060 717 μάλιστα
1082 628 1305 721 Δημόκριτος,
1328 624 1370 712 ὃς
1394 637 1450 702 καὶ

276 727 315 801 τὸ
338 744 383 821 μῦ
405 738 498 823 pass)
517 737 613 824 λέγει,
636 731 683 816 ὡς
706 738 747 804 έν
769 736 969 826 ῥητορικῷ
993 732 1127 829 εὕρηται
1150 747 1304 829 λεξικῷ.

365 844 440 912 369.
470 846 644 912 Eustath.
663 869 693 931 p.
714 847 788 925 890,
808 847 858 914 14.
891 846 928 914 έν
951 851 1121 936 Γρανίκῳ,
1143 851 1239 933 φασὶ,
1263 843 1450 935 συμβαλών

250 946 482 1038 ῡΆλέξανδρος
505 952 635 1041 ἐνίκησε
658 946 737 1033 τοὺς
760 957 902 1040 Δαρείου
926 952 1097 1041 σατράπας
1120 948 1205 1022 κατὰ
1228 953 1368 1043 κράτος,
1391 960 1449 1025 καὶ

277 1056 384 1147 ε’φάνη
402 1054 448 1138 ὡς
465 1057 679 1146 γραικόνικος
703 1054 757 1128 διά
780 1055 842 1150 τὴν
866 1061 937 1129 ἐκεῖ
952 1069 1023 1129 τῷν
1042 1068 1228 1148 Γραικῶν
1249 1066 1364 1152 νίκην,
1389 1057 1450 1144 οὓς

275 1162 296 1255 ἡ
323 1168 384 1253 μὲν
408 1165 572 1256 συνήθεια
599 1170 656 1235 καὶ
678 1174 859 1257 Σοφοκλῆς
886 1170 924 1237 δέ
944 1194 1028 1252 που,
1055 1163 1141 1237 κατὰ
1163 1164 1243 1249 τοὺς
1269 1165 1449 1254 παλαιοὺς,

276 1277 333 1340 καὶ
357 1267 375 1341 ὃ
399 1271 592 1371 Λυκόφρων
616 1277 651 1343 δὲ
676 1269 730 1344 0ιά
753 1286 817 1343 τοῦ
840 1276 877 1345 ἐν
901 1270 983 1365 άρχῇ
1005 1303 1025 1363 γ
1047 1278 1279 1365 προφέρουσιν
1303 1277 1363 1346 ἐπὶ
1380 1273 1449 1347 Ἐλ-

279 1379 403 1469 λήνων,
421 1381 455 1449 οἱ
471 1379 633 1471 βάρβαροι
653 1384 689 1451 ot
704 1378 853 1463 Ῥαικούς
862 1387 889 1472 ¹)
908 1404 990 1468 φασι
1010 1387 1084 1471 δίχα
1102 1394 1165 1453 τοῦ
1182 1411 1211 1471 γ,
1234 1378 1287 1465 ὡς
1305 1385 1350 1453 έν
1372 1411 1449 1455 πα-

241 1495 378 1577 1θλαιῷ
401 1482 563 1578 εὕρηται
586 1496 728 1579 λεξικῷ
751 1489 958 1580 ῥητορικῷ.

841 1692 867 1756 Δ

366 1814 464 1880 369a.
501 1816 674 1881 Eustath.
697 1839 727 1900 p.
753 1816 853 1894 1407,
878 1818 927 1882 10.
963 1809 1003 1882 τὸ
1035 1817 1071 1882 δὲ
1100 1813 1263 1904 δήπουῑ)
1292 1823 1359 1885 νῦν
1385 1820 1450 1904 μὲν

277 1930 426 2000 τοπικῶς
453 1933 567 1988 κεῖται.
615 1916 725 2002 ἄλλως
753 1923 789 1990 δὲ
816 1915 907 2010 παρὰ
935 1935 1006 2002 τοῖς
1028 1915 1170 2011 ὕστερον
1187 1916 1363 2009 Ἀττικοῖς,
1391 1929 1450 1994 καὶ

278 2020 361 2094 αὐτὸ
385 2031 442 2095 καὶ
464 2021 504 2096 τὸ
529 2026 734 2117 δήπουθεν
756 2027 958 2112 βεβαιωτικά
986 2030 1084 2112 εἰσιν,
1113 2022 1227 2119 ὥσπερ
1253 2024 1295 2098 τό
1319 2027 1449 2122 δηλαδὴ

278 2137 335 2201 καὶ
357 2129 396 2202 τὸ
420 2133 558 2215 πάντας
580 2141 637 2204 καὶ
658 2131 699 2204 τὸ
724 2131 844 2224 άμέλει.
886 2141 943 2204 καὶ
971 2130 1054 2204 αὐτὸ
1080 2131 1159 2225 γάρ,
1185 2132 1233 2217 ὡς
1257 2132 1301 2205 τά
1323 2134 1449 2223 πολλὰ,

239 2260 265 2299 15
278 2240 436 2331 καθάπερ
460 2243 501 2310 έν
524 2242 725 2332 ῥητορικῷ
748 2238 908 2334 εὕρηται
931 2252 1094 2332 λεξικῷ,
1115 2239 1192 2313 άντὶ
1217 2254 1281 2313 τοῦ
1307 2243 1450 2326 πάντας

278 2348 480 2437 λαμβάνεται
504 2349 751 2439 συγκατάθεσιν
776 2355 909 2441 δηλοῦν.

366 2461 438 2526 370.
471 2461 641 2529 Eustath.
661 2484 691 2546 p.
711 2462 785 2538 622,
804 2461 855 2527 50.
887 2463 965 2548 περὶ
985 2462 1020 2527 δὲ
1037 2470 1100 2527 τοῦ
1120 2457 1317 2546 διδυμάονες
1340 2476 1453 2529 κεῖται

278 2567 315 2633 έν
338 2565 537 2655 ῥητορικῷ
560 2574 703 2654 λεξικῷ
731 2560 783 2634 ὅτι
808 2565 1081 2655 διδυμάονεςῑ)
1108 2569 1169 2653 μὲν
1192 2565 1226 2635 οὶ
1248 2571 1452 2657 κεχωρισμέ-

278 2698 332 2741 νοι
354 2689 425 2753 τοῖς
449 2672 587 2759 στόμασι,
611 2677 742 2761 δίδυμοι
766 2676 802 2741 δὲ
826 2673 859 2741 οἱ
882 2687 1050 2761 συμφυεῖς.

322 2838 382 2892 368.
403 2837 539 2891 Aelium
553 2837 751 2908 Dionysium
766 2852 893 2906 agnosco,
912 2851 992 2905 quem
1011 2839 1040 2891 et
1053 2837 1150 2892 Ionum
1168 2851 1249 2892 voces
1269 2852 1332 2892 cum
1345 2839 1451 2895 Atticis

280 2942 454 2995 comparasse
474 2930 503 2980 et
521 2927 555 2980 (le
574 2926 689 2995 singulis
709 2926 854 2981 elementis
868 2926 957 2996 egisse
975 2925 1019 2994 (cf.
1033 2925 1066 2981 fr.
1083 2927 1146 2994 298)
1164 2931 1194 2982 et
1210 2927 1301 2982 solum
1318 2943 1365 2997 ap.
1380 2928 1451 2984 Hel·

278 3015 382 3070 ladium
399 3014 443 3083 (cf.
459 3033 485 3084 p.
501 3016 584 3084 5302,
594 3017 637 3071 20.
653 3017 735 3084 53211,
747 3017 788 3072 15.
798 3016 896 3084 Beklr,
912 3015 960 3070 ubi
975 3016 1009 3071 de
1024 3015 1139 3085 singulis
1153 3016 1256 3071 litteris
1271 3031 1335 3072 eum
1349 3033 1451 3073 secun-

279 3105 343 3158 dum
357 3110 479 3159 veterem
493 3106 629 3173 quendam
641 3109 781 3160 auctorem
801 3121 884 3174 agere
897 3105 1055 3175 intelleges)
1072 3104 1228 3162 adhibitum
1247 3121 1309 3160 esse
1329 3110 1450 3163 constat.

368 3195 389 3260 1)
407 3193 551 3263 Nusquam
570 3193 599 3247 in
617 3195 671 3249 lex.
690 3194 816 3249 iteratur.

368 3283 389 3349 ³)
408 3284 489 3338 Gonu.
509 3284 587 3338 Phot.

323 3373 385 3427 369.
414 3374 543 3428 Fortasse
556 3375 648 3429 Aelii
667 3374 825 3446 Dionysii
844 3377 915 3439 sunt,
935 3373 969 3429 cf.
983 3373 1059 3428 Euat.
1075 3390 1103 3443 p.
1117 3375 1177 3440 633,
1191 3374 1233 3429 50.
1253 3360 1329 3427 σάτον
1348 3370 1453 3429 δὲκαὶ

279 3457 397 3533 γραικὸς
407 3459 586 3534 προϋπάρχει
596 3461 628 3518 τὸ
639 3461 737 3534 ῥαικὸς
750 3461 822 3518 κατὰ
835 3459 901 3528 τοὺς
909 3458 1063 3532 τεχνικοὺς,
1077 3462 1111 3518 cf.
1122 3461 1157 3517 fr.
1171 3461 1231 3517 109.
1243 3463 1302 3518 111.
1314 3463 1377 3518 113.
1386 3463 1452 3520 365.

368 3554 389 3620 ¹)
408 3548 640 3617 Ρ1ο1.Ῥαικοὺς·
669 3550 696 3607 οἱ
718 3548 860 3626 βάρβαροι
882 3550 948 3617 τοὺς
966 3541 1109 3621 (Έλληνας.
1146 3553 1300 3621 Σοφοκλῆς
1320 3551 1366 3620 (fr.
1386 3554 1451 3609 983.

280 3643 396 3710 Nauck.)
415 3645 450 3713 τῇ
467 3641 543 3710 λέξει
561 3641 704 3714 κέχρηται.
735 3644 870 3713 corrupta
889 3647 954 3697 sunt
972 3646 1002 3697 et
1019 3640 1165 3696 Eustathio
1183 3641 1273 3711 magis
1292 3641 1406 3711 credes,
1427 3643 1453 3697 si

281 3733 445 3802 Sophoclem
468 3750 522 3788 non
541 3734 713 3789 barbarismo
732 3750 812 3788 usum
831 3749 905 3799 esse,
930 3738 959 3787 et
977 3731 1093 3786 formam
1113 3726 1256 3802 Γραικοὺς
1273 3746 1291 3785 a
1308 3729 1451 3802 Lycophr.

281 3824 341 3878 532.
361 3824 439 3878 1195.
459 3825 537 3878 1338.
557 3823 712 3878 adhibitam
732 3839 791 3878 esse
810 3821 992 3878 intellexeris.
1012 3853 1045 3860 -
1065 3820 1104 3876 cf.
1120 3821 1186 3875 Hes.
1204 3821 1250 3874 Et.
1264 3820 1302 3874 Μ.
1321 3820 1385 3890 239,
1406 3822 1451 3878 15.

282 3912 346 3978 701,
367 3914 408 3968 13.
427 3943 462 3951 -
485 3913 559 3968 Suid.
578 3913 645 3968 Zon.
665 3913 700 3966 II.
722 3930 748 3981 p.
768 3913 845 3967 1603.
865 3912 960 3967 Tittm.
980 3927 1075 3966 uocem
1099 3927 1116 3965 a
1133 3909 1265 3965 Romanis
1290 3909 1452 3967 adhibitam

285 4016 347 4057 essa
365 4008 479 4070 putant:
502 4008 673 4068 erraverunt,
693 4001 728 4057 cf.
747 4003 861 4056 Loronz.
881 4001 979 4070 Epich.
998 4018 1025 4070 p.
1045 4001 1105 4055 290.
1326 4010 1328 4015 ·

326 4093 408 4146 3696.
428 4093 449 4158 1)
469 4092 549 4147 Oonv.
569 4093 634 4146 Hes.
654 4092 729 4148 Suid.
749 4092 816 4146 Lex.
836 4092 948 4147 Bachm.
965 4092 1025 4157 193,
1040 4091 1083 4144 21.
1102 4090 1147 4144 Et.
1166 4089 1203 4145 M.
1222 4089 1283 4158 264,
1296 4089 1341 4145 56.
1360 4090 1453 4147 Moer.

280 4197 306 4249 p.
326 4181 385 4245 195,
404 4182 429 4235 5.
447 4182 536 4235 Behk.

323 4270 384 4324 370.
404 4270 426 4340 1)
446 4270 527 4326 conv.
547 4270 626 4336 Hes,
646 4269 682 4326 ci.
702 4270 776 4326 Suid.
796 4270 840 4324 Et.
860 4271 898 4324 M.
918 4271 983 4336 272,
1002 4271 1046 4326 33.
1074 4270 1203 4325 Fortasse
1222 4268 1366 4340 conspirat
1383 4268 1452 4326 Dio

280 4358 421 4428 genianus,
441 4359 475 4414 ci.
496 4360 628 4428 Schmidt,
648 4361 772 4430 Quaestt.
792 4360 857 4414 Hes.
877 4377 903 4429 p.
924 4361 967 4415 99.
