3000 5040
723 245 787 310 239

258 407 334 473 381.
366 403 683 489 Εαε1ε13.ρ.561,
704 406 753 472 16.
787 404 824 470 ἐν
843 405 879 472 δὲ
897 401 1095 493 ῥητορικῷ
1113 412 1256 494 λεξικρό
1279 408 1335 492 φέ-

161 537 277 600 ρεται,
304 505 358 581 ὅτι
381 508 627 601 Ἐπιάλτηνῐ)
650 505 790 579 Άττικοὶ
818 531 900 596 φασι
928 510 1070 599 δαίμονά
1097 538 1188 595 τινα,
1217 508 1272 582 διὰ
1300 516 1337 583 δὲ

161 629 233 688 τοῦ
250 645 276 706 φ
295 613 481 711 Ἐφιάλτην,
501 613 625 707 άνδρός
645 614 761 706 ὄνομα.
786 616 956 705 ἑτέρωθι
976 621 1022 702 δὲ,
1041 612 1094 687 ὅτι
1114 619 1336 711 ἐπιάλτηςῖ)

164 722 187 796 ὃ
210 732 395 815 πνιγαλὶων
414 722 482 795 ὑπό
501 751 617 809 τινων,
640 721 659 794 ὃ
680 720 713 794 δ’
728 720 830 806 αὐτὸς
848 730 905 794 καὶ
922 720 1097 815 ἠπίαλος.
1126 729 1172 795 cf.
1191 753 1220 815 p.
1242 731 1336 810 1687,

163 836 223 904 52.
255 833 305 902 ἔτι
331 837 545 924 προσθετέον
567 837 624 901 καὶ
648 829 694 913 ὡς
716 828 756 901 τὸ
780 834 851 900 ἐκεῖ
871 833 978 923 ῥηθὲν
1000 832 1125 918 πάθος,
1147 830 1252 924 ἤγουν
1274 830 1337 905 τὸν
1363 867 1375 904 a

163 935 359 1031 Ἐφιάλτην,
387 935 590 1031 Ἐπιάλτην
613 935 711 1009 κατά
734 936 910 1009 παλαιάν
932 946 1293 1035 παρασημείοοοινθ)
1317 939 1336 1013 ὃ

158 1043 311 1129 Ἀλκαῖος
333 1051 420 1135 λέγει
443 1051 495 1138 (ir.
521 1053 594 1117 129.
618 1051 757 1137 Bergk).
785 1043 825 1117 τὸ
854 1043 937 1117 αὐτὸ
965 1047 1079 1129 πάθος
1102 1054 1156 1118 καὶ
1180 1045 1338 1121 Ήπίαλόν

164 1179 258 1236 τινες
281 1155 412 1244 ἔλεγον,
439 1155 488 1224 ἔτι
511 1159 548 1225 δὲ
571 1160 628 1224 καὶ
651 1151 821 1246 Ἠπιόλην,
850 1153 909 1247 [ὡς
931 1150 971 1224 τὸ
999 1154 1193 1247 Φαινόλην]
1231 1154 1335 1228 καθά

166 1258 325 1352 δηλοῐὸ
354 1257 492 1346 εἰπάν,
520 1256 573 1330 ὅτι
595 1258 812 1352 Ἠπίαλος4)
841 1258 882 1331 οὐ
909 1261 1017 1350 μόνον
1046 1269 1196 1352 σημαίνει
1222 1261 1262 1334 τὸ
1290 1265 1336 1354 ῥι-

164 1368 372 1459 γοπύρετον,
400 1365 484 1438 άλλά
511 1375 568 1438 καὶ
596 1374 738 1458 δαίμονα
765 1385 836 1450 τοῖς
859 1372 1080 1458 κοιμωμένοις
1104 1370 1336 1460 ἐπερχόμενον,
1351 1402 1377 1441 ιο

164 1470 213 1546 ὃν
236 1477 269 1546 οἱ
290 1482 428 1559 πλείους
450 1473 607 1567 Ἠπιόλην
630 1483 713 1563 φαοὶ
737 1472 792 1545 διὰ
814 1487 876 1546 τοῦ
898 1491 929 1566 ῆ.

259 1587 332 1654 382.
364 1588 537 1654 Eustath.
555 1611 585 1672 p.
607 1589 702 1666 1380,
721 1589 772 1652 62.
805 1581 858 1653 ὅτι
878 1588 914 1653 δὲ
936 1579 978 1653 τὰ
1002 1583 1163 1674 ἑξάμετρα
1186 1581 1227 1655 οὐ
1245 1586 1337 1656 πάνυ

164 1687 287 1782 ἠξίουν
311 1691 373 1783 ἐ’πη
396 1701 584 1776 καλεῖσθαι,
608 1687 740 1782 δηλοῖὸ
760 1693 801 1762 ἐν
821 1691 1019 1782 ῥητορικῷ
1037 1701 1180 1782 λεξικηῦ
1199 1689 1335 1777 εἰπών,

165 1795 218 1880 οὖς
240 1795 412 1869 άντέκειτο
436 1795 456 1868 ὃ
480 1795 643 1879 ἐποποιὸς
665 1808 715 1888 τῷ
736 1807 909 1888 μελοποιοῦ
928 1804 984 1868 καὶ
1006 1797 1102 1890 ἦρῶα
1125 1800 1251 1890 ἔλεγον,
1274 1797 1337 1871 οὐκ

167 1906 245 1998 ἔπη,
267 1901 309 1976 τά
333 1906 502 1997 ἑξάμετρα.
1351 1935 1377 1975 ιι

259 2018 333 2084 383.
361 2017 534 2084 Eustath.
552 2040 583 2102 p.
602 2018 676 2095 859,
694 2018 724 2085 4.
753 2017 889 2103 φέρεται
913 2005 976 2084 οὖν
995 2016 1037 2084 ἐν
1059 2024 1215 2105 παλαιῷ
1237 2013 1333 2086 κατά

166 2136 372 2210 στοιχεῖον
395 2131 553 2210 λεξικηῦ,
577 2115 630 2191 ὅτι
653 2122 765 2191 ἕπειν
783 2119 895 2203 Ἴωνές
918 2144 1001 2209 φασι
1024 2118 1065 2193 τὸ
1088 2134 1107 2204 †
1129 2133 1257 2194 κακοῦν
1280 2128 1337 2193 καὶ

164 2229 413 2319 περιελαύνειν,
437 2225 483 2310 ὡς
505 2224 545 2299 τὸ

334 2344 442 2427 Τρῶες
464 2337 549 2406 ἕπον
571 2342 693 2406 πολλοί
715 2363 751 2405 τε
774 2341 831 2405 καὶ
854 2334 996 2426 άλκιμοι.
1022 2343 1066 2427 (Δ
1087 2342 1177 2430 483).

201 2454 207 2465 ’
260 2447 333 2514 384.
365 2447 538 2514 Eustath.
561 2471 590 2534 p.
614 2449 693 2526 279,
716 2449 768 2515 34.
805 2447 1050 2535 ἐκωμῳδοῦντο
1080 2447 1130 2529 δέ,
1158 2465 1275 2531 φασιν,
1303 2445 1377 2513 oioo

166 2594 268 2602 2...—

213 2699 276 2753 381.
295 2699 422 2753 Alterum
446 2698 535 2754 locum
559 2698 642 2754 attuli
664 2703 778 2768 propter
795 2699 841 2753 Et.
860 2699 898 2754 M.
918 2699 979 2766 434,
999 2701 1041 2753 13.
1061 2698 1095 2754 oi.
1114 2702 1169 2753 not.
1189 2701 1214 2754 3.
1233 2700 1335 2754 Veram
1405 2756 1410 2765 ,

167 2786 355 2843 atticistarum
375 2788 533 2858 opinionem
551 2788 717 2844 difficillime
736 2788 891 2857 agnoveris,
911 2788 945 2843 of.
965 2788 1035 2844 Nab.
1055 2790 1099 2843 ad.
1118 2789 1196 2844 Phot.
1210 2784 1337 2858 ἠπιάλης,

259 2879 281 2946 ¹)
299 2877 449 2933 Distinctio
469 2878 557 2934 allata
574 2877 678 2933 frustra
696 2878 725 2932 iu
743 2879 817 2933 lexx.
833 2884 991 2947 quaeratur.
1010 2874 1157 2947 ’Ἐφιάλτης
1175 2882 1204 2934 et
1217 2878 1336 2933 hominis

167 2972 198 3022 et
218 2966 264 3021 dei
282 2983 382 3022 nomon
400 2984 462 3023 esao
481 2969 562 3023 docet
580 2968 624 3023 Et.
644 2967 713 3022 Gud.
734 2985 760 3038 p.
780 2969 841 3034 224,
861 2970 903 3022 43.

260 3057 279 3123 ²)
299 3057 340 3112 Cf.
359 3058 438 3113 Phot.
457 3052 585 3127 ἠπιάλης.
611 3052 737 3126 ἐφιάλας.

257 3146 281 3217 ³)
300 3146 340 3202 Oi.
359 3147 404 3202 Et.
423 3148 460 3203 M.
481 3149 542 3215 434,
562 3149 604 3202 13.
624 3141 640 3201 ὃ
661 3145 691 3201 δὲ
707 3144 830 3211 Ἀλκαῖος
849 3143 965 3202 ἒπίαλον
984 3142 1071 3202 αὐτὸν
1090 3138 1153 3216 ἔφη,
1175 3142 1335 3202 Ἀπολλώ-

167 3255 242 3301 νιος
260 3233 289 3290 δέ
306 3253 376 3306 φησι
394 3232 445 3291 τὸν
465 3232 599 3306 ἐπιάλτην
618 3233 704 3292 αὐτὸν
728 3233 850 3306 η’πιάλην
868 3239 1035 3301 καλεῖσθαι,
1060 3239 1109 3292 καὶ
1131 3237 1226 3308 τροπῇ
1248 3239 1300 3291 τοῦ
1319 3255 1338 3290 α

169 3324 211 3390 εἰς
229 3344 245 3381 o
261 3320 390 3395 ἠπιόλην.

257 3418 280 3483 ⁴)
299 3415 339 3471 cf.
364 3417 454 3471 Schol.
474 3419 521 3471 Ar.
540 3416 624 3486 Vesp.
649 3417 726 3472 1038.
750 3417 787 3470 M.
812 3416 946 3472 Schmidt.
969 3417 1032 3472 Did.
1056 3434 1083 3487 p.
1102 3418 1145 3472 51.
1168 3423 1225 3473 not.
1249 3418 1280 3471 Β.
1303 3419 1337 3472 A.

168 3505 251 3572 42,1.
270 3505 336 3560 Ηεε.
350 3522 371 3560 s.
385 3523 409 3561 r.
430 3500 555 3575 ἐπιάλης,
574 3500 716 3575 ἐφιάλτης,
736 3502 863 3575 ἠπίαλος,
882 3501 1021 3576 ἠπιαλῶν,
1039 3503 1167 3576 Ἰφίαλος.
1187 3507 1262 3562 Suid.
1275 3522 1296 3560 s.
1309 3523 1337 3560 v.

167 3589 295 3664 ἠπίαλος.
334 3594 424 3651 Sohol.
443 3597 491 3650 Ar.
510 3597 579 3651 th.
599 3597 677 3652 1164.
696 3596 741 3650 Et.
760 3597 798 3651 M.
816 3596 882 3659 434,
903 3599 927 3652 6.
946 3596 991 3652 Et.
1011 3596 1080 3652 Gud.
1099 3597 1165 3662 247,
1184 3597 1227 3650 40.
1246 3595 1336 3652 schol.

168 3684 236 3740 Luc.
256 3686 307 3740 vol.
327 3686 374 3740 lv.
394 3702 421 3754 p.
441 3687 501 3741 191.
520 3686 581 3741 225.
600 3686 662 3741 241.
680 3685 815 3741 Jaoobitz.

215 3773 278 3830 382,
307 3775 439 3830 Fortasse
462 3791 497 3830 ex
515 3774 689 3845 praefatione
708 3774 861 3845 fluxerunt,
885 3791 946 3831 oum
969 3774 999 3829 in
1022 3773 1120 3829 lexicis
1143 3776 1184 3830 nil
1202 3774 1237 3830 ad
1256 3791 1336 3831 voees

167 3867 265 3934 aptum
282 3865 417 3920 tradatur.

213 3954 274 4009 383.
302 3953 405 4009 Deficit
428 3971 507 4010 omne
531 3954 683 4010 lonicorum
708 3958 737 4010 et
755 3955 995 4024 grammaticorum
1014 3952 1209 4009 testimonium.
1247 3954 1337 4010 Locus

168 4043 332 4100 Homericus
354 4045 416 4114 ipse
435 4044 548 4100 minime
566 4049 649 4114 aptus
668 4048 724 4114 est,
749 4061 811 4099 oum
829 4044 888 4099 illio
907 4040 1049 4112 ἀμφέπειν
1067 4043 1179 4098 verbum
1198 4043 1228 4098 in
1246 4044 1337 4111 tmesi,

168 4148 224 4188 non
244 4126 324 4188 ἕπετο
342 4135 517 4190 adhibeatur.
555 4135 720 4204 corruptum
738 4138 782 4189 est
800 4137 921 4189 κακοῦνι
949 4134 1059 4189 medela
1081 4131 1196 4189 incerta.
1234 4135 1337 4190 Locum

167 4222 260 4292 potius
279 4225 316 4277 ad
334 4221 478 4293 ἀμφέπειν
496 4224 598 4279 lemma
616 4223 779 4279 rettulerim.

213 4312 275 4367 384.
304 4313 462 4384 Dionysii
485 4329 547 4368 esse
570 4314 725 4384 putaverim
744 4319 858 4385 propter
877 4311 911 4369 fr.
929 4313 991 4369 298.
1019 4310 1154 4369 Atticists
1171 4328 1236 4369 vero
1254 4311 1337 4383 profi·

173 4401 288 4458 oisoitur
307 4403 342 4458 ab
361 4406 407 4458 Ar.
428 4405 493 4475 Byz.
513 4401 557 4470 (cf.
577 4405 648 4459 Prol.
668 4421 694 4474 p.
714 4405 767 4470 57.)
