2986 5062
731 224 751 287 8

969 309 988 357 ⁸

158 406 254 450 unam
285 385 503 449 tantummodo
537 384 707 450 editionem
739 383 799 449 sibi
832 387 959 466 praesto
991 381 1088 447 fuisse
1120 383 1227 447 tradit.
1283 383 1330 447 ht

158 493 243 575 apud
266 491 468 556 Eustathinm
484 491 554 571 duo
577 491 640 556 loci
663 496 785 567 extant,
813 489 869 554 ubi
895 491 998 555 altera
1021 490 1195 555 Pausaniae
1217 490 1330 566 editio,

159 599 224 663 sive
254 599 390 681 plenior,
426 599 504 691 sive,
539 605 577 662 nt
608 597 734 663 Nabero
766 599 899 681 placuit,
935 603 1112 672 contracta,
1148 596 1330 680 appellatur

158 706 304 771 Eustath.
327 728 357 789 p.
384 705 477 782 1165,
500 706 530 770 9.
554 705 605 790 (fr.
624 705 682 790 51)
707 698 726 770 ὁ
751 705 786 769 di
809 707 849 770 Π.
868 704 964 788 λέχει,
988 706 1045 767 καὶ
1068 694 1120 769 ὅτι
1142 699 1330 788 πεμμάτων

160 809 247 889 εἶδος
267 865 273 877 .
294 865 300 876 .
321 865 327 876 .
348 814 404 876 καὶ
422 809 455 877 οἱ
478 804 704 896 ἀμφιφῶντες,
727 814 784 876 καὶ
806 803 859 878 ὅτι
878 809 911 876 οἱ
928 807 1090 896 ῥηθέντες
1111 803 1331 895 ἀμφιφῶντες

160 913 288 996 άλλως
318 943 359 983 τε
392 910 518 996 οὕτως
555 917 738 984 ἐκαλοῦντο
777 910 844 984 ἀπὸ
877 911 973 1004 ήλὶου
1005 919 1061 982 καὶ
1094 914 1231 1004 σελήνης
1261 919 1330 982 καὶ

161 1023 270 1095 διότι,
293 1026 335 1091 di*
351 1022 511 1113 ,ἐκόμιζον
543 1018 665 1103 αὐτοὺς
692 1023 790 1114 δᾴδια
821 1020 949 1110 ἡμμένοι
980 1021 1243 1111 περιπηγνύντες
1271 1017 1330 1088 ἐπ’

161 1125 294 1210 αὐτοὺς·
319 1125 491 1216 ἀλλαχοῦ
510 1133 553 1198 δέ
570 1150 689 1219 φησιν
708 1125 727 1197 ὃ
751 1124 869 1208 αὐτὸς
892 1133 949 1196 καὶ
968 1122 1021 1197 ὅτι
1040 1125 1201 1216 ἀμφιφῶν
1224 1149 1329 1216 προσ-

160 1236 328 1327 ηγορεύθη
346 1245 497 1318 πλακοῦς
516 1232 570 1304 διὰ
589 1248 703 1324 τυροῦ,
727 1232 783 1322 ἐφ’
802 1226 844 1304 οὗ
867 1239 951 1327 δᾷδα
973 1235 1160 1325 πήσσοντες
1184 1231 1332 1304 ἅπτουσι

160 1355 221 1413 τοῦ
245 1339 360 1430 φωτὸς
380 1343 487 1432 χάριν.
524 1348 587 1413 Res
610 1348 840 1431 simplicissima
862 1353 919 1423 est,
942 1349 969 1412 si
992 1345 1136 1413 conferas
1154 1347 1240 1413 Suid.
1259 1369 1282 1412 s.
1301 1371 1331 1411 u.

162 1448 346 1532 ἀνάστατοι
370 1507 376 1518 .
402 1506 409 1519 .
434 1507 440 1518 .
466 1446 688 1538 ὀνομάζονται
717 1454 752 1519 δὲ
781 1445 1011 1538 ἀμφιφῶντες,
1040 1446 1090 1531 ὡς
1117 1453 1186 1538 μέν
1209 1478 1332 1534 τινες,

162 1553 216 1630 ὅτι
242 1558 319 1627 τότε
346 1564 511 1646 γίνονται,
544 1551 600 1626 ὅτε
627 1553 720 1648 ἥλιός
747 1585 783 1626 τε
811 1562 868 1626 καὶ
896 1557 1017 1647 σελήνη
1043 1562 1133 1646 προοὶ
1160 1554 1244 1645 ὑπὲρ
1271 1567 1332 1647 γῆς

162 1671 352 1753 φαίνονται,
375 1661 421 1745 ὡς
440 1668 476 1732 δὲ
489 1661 783 1753 Ἀπολλόδωρος
806 1659 859 1734 ὅτι
877 1670 1071 1752 κομίζουσιν
1091 1658 1212 1743 αὐτοὺς
1232 1663 1332 1754 δᾴδια

162 1768 290 1862 ἡμμένα
316 1771 580 1861 περιπηχνύντες
607 1767 663 1840 ἐπ’
692 1767 805 1840 αὐτῶν
833 1767 1330 1859 ο1.8υ1ι1.ε.ν.ἀμφιφοῦντες.

162 1883 336 1948 Pausanias
358 1882 469 1966 igitur,
493 1884 548 1966 qui
570 1904 640 1948 cum
664 1882 763 1948 Suida
784 1884 944 1960 convenit,
967 1883 1046 1947 duas
1066 1879 1222 1969 χρήσεις
1245 1888 1331 1946 attu-

162 1990 215 2068 lit,
237 2012 370 2074 quarum
393 1990 527 2055 alteram
548 1991 654 2057 nescio
677 1991 802 2056 cuidam
824 1991 947 2056 auctori
970 1989 1118 2077 (fortasse
1141 1989 1331 2055 Philochoro

163 2097 200 2164 fr.
227 2098 314 2183 161),
336 2097 470 2163 alteram
492 2097 685 2181 Apollodoro
709 2098 828 2164 debuit.
865 2098 983 2177 Quidni
1006 2098 1102 2162 etiam
1126 2088 1270 2180 ἀλλαχοῦ
1288 2098 1331 2161 ad

162 2211 301 2290 χρῆσιν
323 2205 452 2269 tertiam
478 2225 670 2282 revocemus,
697 2205 744 2270 ita
770 2210 807 2269 ut
835 2205 932 2270 verba
955 2207 1058 2291 φησὶν
1081 2196 1100 2268 ὃ
1124 2195 1224 2279 αὐτὸς
1248 2225 1331 2267 com-

163 2314 258 2377 matis
280 2311 501 2376 includantur?
544 2311 600 2377 Sin
623 2317 729 2377 autem
751 2313 830 2378 haec
853 2312 1020 2397 explicatio
1043 2311 1146 2376 minus
1168 2311 1332 2394 placuerit,

164 2439 232 2484 rem
254 2420 302 2484 ita
324 2419 516 2484 constituere
533 2420 716 2504 poterimus,
738 2424 774 2483 nt
792 2419 964 2484 Pausanias
982 2419 1084 2484 altero
1103 2419 1250 2483 lemmate
1268 2418 1330 2482 ite-

164 2547 235 2591 rum
258 2527 297 2591 de
317 2519 475 2610 ἀμφιφῶς
494 2548 568 2592 voce
587 2528 702 2611 egerit:
725 2548 821 2610 qnam
837 2548 905 2592 rem
922 2526 1051 2592 minime
1070 2526 1245 2591 inauditam
1263 2547 1332 2590 esse

165 2633 239 2698 inde
262 2633 471 2717 intellegitur,
498 2635 583 2719 quod
605 2633 722 2700 Suidae
745 2635 849 2718 glossa
872 2634 1053 2700 doctissima
1075 2625 1271 2706 ἀνάστατοι,
1299 2632 1332 2696 in

166 2762 229 2824 qua
251 2745 321 2805 tota
342 2740 408 2806 fere
426 2747 568 2806 veterum
585 2741 830 2825 pemmatologia
847 2741 1026 2806 continetur
1048 2739 1101 2826 (cf.
1120 2739 1196 2805 Lob.
1215 2739 1332 2823 Aglao-

166 2847 269 2931 pham.
293 2870 322 2930 p.
350 2848 458 2935 1064),
481 2849 515 2912 ni
537 2848 640 2926 fallor,
663 2871 702 2912 ex
724 2849 938 2914 atticistarum
960 2847 1074 2932 opibus
1096 2847 1263 2930 desumpta
1285 2853 1334 2912 est

167 2953 220 3040 (of.
245 2953 281 3018 fr.
305 2954 357 3020 94.
376 2961 440 3020 not.
462 2957 489 3020 1.
507 2956 590 3020 Prol.
610 2955 683 3040 Cap.
703 2955 739 3020 V.
757 2960 777 3038 ξ
800 2955 845 3040 2).
881 2955 955 3020 Alia
977 2955 1071 3021 huius
1094 2976 1168 3020 usus
1191 2953 1334 3038 exempla

167 3061 369 3126 inveniuntur
396 3061 434 3126 ir.
462 3063 514 3127 49.
542 3062 594 3126 56.
623 3063 674 3128 83.
703 3068 735 3128 et
762 3063 850 3127 alias.
874 3102 916 3110 —
944 3063 1046 3128 Multo
1073 3060 1233 3127 difficilior
1259 3083 1333 3126 uero

113 3216 116 3222 -
167 3168 247 3233 alter
274 3173 322 3232 est
348 3169 436 3234 locus
458 3169 604 3235 Eustath.
626 3193 656 3253 p.
679 3170 758 3248 408,
780 3169 810 3233 4.
834 3168 887 3257 (fr.
912 3171 1013 3257 135),
1039 3172 1095 3254 qui
1121 3171 1223 3253 primo
1250 3169 1333 3234 Pau·

167 3276 288 3339 soniam
311 3276 413 3358 ipsum
435 3276 602 3341 historiam
625 3278 664 3342 de
682 3276 849 3359 proverbio
873 3271 956 3362 δόρυ
978 3277 1035 3341 καὶ
1057 3273 1236 3363 κηρύκειον
1258 3298 1333 3359 pro-

167 3381 321 3447 ferentem
343 3383 529 3460 introducit,
557 3384 672 3448 deinde
694 3404 767 3448 vero
790 3384 902 3449 adicit:
936 3382 977 3449 ἐν
1006 3378 1125 3468 ἑτέρῳ
1155 3383 1195 3448 δὲ
1218 3379 1352 3469 ῥητά,

168 3495 266 3574 ρικηῦ
284 3485 472 3576 χράφειῙ),
491 3483 537 3567 ὡς
555 3482 622 3555 ὑπὸ
642 3492 857 3576 Ταναγραίων
871 3490 1134 3575 πολεμουμένων
1150 3494 1335 3574 Γεφυραῖοι

168 3595 391 3680 προέπεμψαν
413 3593 542 3682 κήρυκα
564 3599 621 3662 καὶ
643 3595 789 3663 κάτοπιν
807 3595 1032 3664 καθώπλισαν
1056 3593 1202 3674 ἑαυτούς.
1240 3597 1334 3662 Lexi-

169 3703 319 3788 cographi
341 3705 387 3767 nil
410 3703 476 3768 fere
500 3704 656 3782 adfenmt,
678 3711 716 3770 ut
738 3705 926 3771 difficultate
949 3712 1020 3770 orta
1038 3705 1216 3770 liberemur.
1249 3703 1335 3768 Suid.

169 3810 242 3874 Hes.
265 3811 403 3893 priorem
425 3816 549 3876 tantum
572 3812 747 3877 Pausaniae
769 3813 873 3877 locum
895 3817 1052 3895 repetunt,
1074 3811 1188 3875 Zenob.
1209 3810 1264 3873 lll.
1284 3811 1334 3873 26.

169 3918 210 3981 ad
239 3919 372 3982 eundem
399 3917 518 3983 fontem
545 3925 640 4003 atque
668 3920 809 3985 atticista
839 3919 1034 3985 reducendus
1061 3921 1117 3981 est.
1163 3916 1335 3979 Pausanias

170 4023 423 4120 Athenienses
450 4025 568 4090 bellum
595 4048 666 4092 cum
688 4027 880 4110 Tanagraeis
907 4024 1097 4090 commisisse
1120 4021 1234 4085 tradit:
1265 4020 1334 4083 loco

262 4277 281 4340 ¹)
300 4274 426 4344 poffer,
450 4278 507 4329 Att.
532 4275 700 4344 Genealogie
725 4291 751 4343 p.
770 4275 822 4328 297
846 4290 885 4342 sq.
910 4274 962 4326 hoc
985 4271 1014 4324 in
1037 4268 1128 4324 lexico
1151 4268 1335 4337 antiquiorem

171 4364 299 4435 (fortasse
318 4364 458 4431 Damonis)
477 4365 631 4420 doctrinam
649 4363 762 4418 subesse
781 4368 883 4416 censet.
