3000 5040
731 275 772 341 89

164 431 318 524 ἀγύρτης.
343 433 490 503 Πλάτων
515 436 551 502 δὲ
576 435 613 501 έν
635 439 822 512 πολιτικοῖς
845 434 889 520 (p.
909 433 989 518 272)
1013 437 1070 500 καί
1092 428 1154 521 την
1178 429 1337 520 ἀθροιοιν

165 537 344 630 ἀγυρμόν
367 559 477 630 φησιν.
503 535 609 608 εἰπάν
634 533 846 627 συναγυρμδν
870 537 1075 628 φρονήσεως.

260 653 309 716 10.
350 651 525 716 Eustath.
549 672 578 733 p.
606 649 705 725 1165,
731 649 780 714 13.
823 650 1031 732 (praecedunt
1063 671 1113 725 ea,
1146 670 1227 731 quae
1254 649 1337 712 Pan-

166 758 274 823 sanias
298 757 337 822 de
355 762 497 822 veterum
514 756 760 840 pemmatologia
782 756 930 840 protulit)
955 754 992 820 ἐκ
1015 760 1073 841 τῆς
1096 748 1213 841 ἀγέλης
1237 755 1273 820 δὲ
1296 747 1338 820 ού

165 859 277 948 μόνον
291 855 506 948 ἀγελαῖοιῑ)
520 858 624 943 βόες,
644 853 729 926 ἀλλά
744 863 801 926 καὶ
815 854 999 945 ἀγελαίας
1014 856 1176 944 ἰσχάδας
1191 855 1338 938 Εὔπολις
1365 879 1378 918 ⁵

167 970 223 1054 (fr.
243 971 308 1035 374
330 970 433 1052 Kock)
459 965 522 1055 ἐ’φη
545 969 602 1032 καὶ
626 962 722 1032 άλλοι
745 969 898 1052 κωμικοὶ,
922 959 967 1044 ὥς
991 984 1071 1054 φησι
1094 970 1338 1047 Παυσανίας,

168 1077 227 1141 καὶ
254 1077 396 1153 λίθους
424 1075 460 1141 δὲ
489 1067 698 1159 ἀγελαίους
726 1066 805 1150 τούς
834 1073 980 1150 εἰκαίους
1003 1075 1060 1138 καὶ
1083 1066 1337 1154 ἀκαταξέστους.

261 1185 310 1248 11.
352 1183 379 1246 Ε
411 1181 535 1247 duobus
566 1181 729 1246 Eustathii
766 1182 843 1246 locis
875 1181 1050 1245 Pausaniae
1087 1181 1232 1245 doctrina
1263 1203 1338 1246 con·

167 1291 307 1356 texenda
330 1295 390 1354 est:
413 1312 442 1372 p.
469 1288 564 1365 1162,
583 1287 635 1352 37.
659 1288 736 1372 περὶ
756 1287 791 1352 δὲ
811 1279 1039 1370 άγκαλίδων
1058 1288 1140 1368 φασὶ
1158 1289 1339 1352 καὶταῦτα

169 1471 282 1535 ruptum
306 1470 335 1518 et
359 1481 420 1520 cum
439 1463 591 1519 Schmidtio
610 1463 733 1519 Platonis
752 1463 953 1517 restituendum
972 1465 1033 1530 est).
1057 1463 1093 1532 gl.
1112 1464 1138 1516 2.
1163 1459 1293 1534 ἀγύρτης.
1324 1483 1339 1516 ο

168 1549 283 1620 ἀλαζὼν
301 1555 350 1607 καί
368 1548 516 1619 ἀπατεών,
539 1549 573 1607 τὸ
597 1551 627 1607 δὲ
652 1549 779 1623 ἀγείρειν
800 1553 849 1605 καί
868 1552 1061 1621 περιαγείρειν
1080 1545 1112 1605 τὸ
1131 1549 1271 1621 περιϊέναι
1290 1554 1340 1605 καὶ

168 1648 350 1713 περινοστεῖν
374 1639 421 1696 ἐπί
445 1641 508 1710 νίκη
531 1633 550 1710 ἢ
569 1635 659 1714 ἑτέρῳ
678 1643 732 1694 τινί
752 1636 910 1708 σεμνύνειν.
939 1633 1005 1694 ὅδὲ
1024 1635 1147 1710 ἀγύρτης
1165 1642 1214 1694 καί
1238 1643 1339 1711 κυβευ-

167 1731 253 1786 τικού
270 1726 360 1802 βόλον
379 1721 471 1797 άνομά
492 1726 569 1784 έστιν
588 1733 648 1783 κτλ.
662 1756 696 1774 =
714 1730 760 1784 Et.
774 1730 812 1784 M.
827 1729 869 1795 14,
882 1731 925 1784 31.
945 1731 975 1783 Β.
991 1730 1025 1784 A.
1039 1730 1099 1793 332,
1116 1731 1158 1784 11.
1178 1729 1340 1798 (Utramque

168 1822 292 1890 glossam
304 1818 333 1874 in
345 1837 430 1874 unum
443 1823 614 1875 contractam
626 1820 713 1874 habes
725 1818 754 1872 in
767 1820 798 1873 B.
812 1820 845 1872 A.
859 1820 920 1884 331,
934 1819 987 1885 26).
1007 1819 1080 1872 unde
1093 1824 1211 1887 apparet
1230 1834 1284 1874 non
1296 1835 1339 1873 so-

168 1910 228 1964 lum
244 1908 322 1963 verbi
336 1905 463 1979 ἀγείρειν
476 1907 700 1977 explicationem,
720 1908 769 1962 aed
782 1906 867 1962 etiam
880 1908 975 1976 verba,
989 1923 1060 1975 quae
1073 1909 1148 1976 apud
1162 1907 1341 1962 Eustathium

169 1999 354 2060 antecedunt,
384 1996 516 2052 atticistis
540 1997 688 2072 tribuenda
712 2011 782 2050 esse.
823 1996 954 2050 Fortasse
978 1997 1063 2050 etiam
1091 1991 1340 2066 περιαγειρόμενοι

168 2103 215 2156 ap.
235 2087 314 2140 Phot.
334 2084 422 2152 said,
447 2080 538 2155 ἀγορά
558 2085 631 2140 Suid.
651 2087 716 2139 Hes.
737 2088 765 2139 et
783 2084 839 2139 alia
858 2084 912 2138 huc
930 2084 1079 2138 referenda
1098 2089 1169 2139 sunt.
1189 2116 1223 2124 -
1243 2085 1340 2154 Singu-

168 2174 243 2231 laria
261 2191 297 2229 cx
315 2177 375 2229 tota
386 2190 483 2230 vocum
502 2171 617 2245 ἀγείρω,
637 2169 770 2244 ἀγύρτης,
790 2168 926 2243 ἀγυρμός,
947 2165 1047 2243 άγυρις
1065 2172 1109 2239 (cf.
1123 2173 1190 2228 Poll.
1203 2174 1264 2227 VII.
1279 2176 1341 2235 188)

169 2265 245 2318 serie
264 2263 439 2332 explicantur
451 2263 480 2316 in
492 2263 559 2317 Lex.
574 2263 703 2319 Cantabr.
716 2280 743 2333 p.
757 2263 824 2317 Lex.
838 2262 919 2318 Vind.
934 2262 1042 2317 Nauck.
1056 2263 1116 2330 330,
1131 2263 1173 2317 15.
1187 2263 1217 2316 B.
1231 2264 1264 2316 A.
1278 2262 1340 2329 331,

169 2355 214 2409 10.
233 2351 303 2407 Tim.
322 2367 343 2406 s.
363 2369 388 2407 v.
408 2346 589 2422 άγείρουσαν.

216 2442 259 2496 10.
278 2443 299 2507 1)
315 2439 488 2509 Eustathius,
509 2457 569 2496 cum
588 2439 683 2511 paullo
702 2446 768 2496 ante
788 2441 822 2494 de
837 2444 962 2494 veterum
981 2438 1047 2494 libis
1065 2455 1099 2495 ac
1117 2438 1255 2508 placentis
1271 2439 1341 2492 Pau·

170 2530 280 2586 saniam
298 2529 457 2599 loquentem
477 2527 596 2595 lacerat,
616 2544 682 2584 sane
701 2529 801 2583 mirum
820 2533 875 2596 est,
896 2528 968 2596 quod
988 2528 1021 2582 de
1041 2543 1153 2596 gregum
1173 2533 1202 2581 et
1221 2527 1341 2596 gregarii

168 2619 284 2675 notione
302 2635 375 2673 nunc
394 2619 515 2688 exponit.
554 2619 641 2688 Quam
664 2620 778 2673 adrem
797 2619 880 2687 plane
900 2616 1038 2671 diversam
1061 2617 1160 2671 ductus
1184 2631 1245 2670 esse
1265 2615 1341 2669 vido-

170 2713 227 2776 tur,
248 2709 320 2778 quod
336 2707 445 2776 species
459 2707 595 2776 quaedam
608 2700 713 2777 ἀρτου
727 2704 860 2777 ἀγελαίου
876 2705 1016 2760 veteribus
1029 2709 1095 2760 nota
1112 2705 1173 2770 fuit,
1191 2703 1225 2758 ci.
1240 2704 1341 2758 Athen.

169 2797 221 2852 111.
235 2797 326 2850 1101).
346 2796 473 2851 Eustath.
488 2813 514 2865 p.
528 2797 589 2862 265,
609 2797 652 2850 32.
671 2796 758 2850 Plato.
779 2796 851 2849 Com.
872 2794 906 2848 fr.
927 2796 960 2849 76
979 2795 1066 2848 Koclr.
1091 2794 1143 2862 Qui
1162 2793 1242 2863 panis
1261 2810 1341 2862 repe·

171 2884 245 2940 ritur
263 2900 307 2954 ap.
321 2885 352 2939 Β.
366 2887 398 2940 A.
413 2886 474 2952 325,
488 2887 531 2940 29.
544 2884 580 2953 gl.
594 2887 618 2939 2.
638 2881 771 2955 ἀγελαῖος
790 2881 820 2938 δὲ
839 2880 901 2937 ἀντὶ
920 2886 971 2937 τοῦ
991 2877 1110 2951 ίδιάτης,
1130 2877 1278 2954 ῥεμβώδης
1296 2883 1341 2952 (=

169 2975 217 3028 Et.
236 2973 306 3028 Gnd.
320 2991 346 3042 p.
361 2974 387 3039 4,
406 2975 433 3040 3)
451 2975 500 3028 καί
519 2969 661 3040 εὐτελής
680 2965 698 3040 ἢ
716 2967 732 3028 ὃ
753 2969 784 3027 έν
802 2969 890 3042 ἀγέλη
910 2967 1023 3041 διάγων,
1043 2967 1076 3026 τὸ
1095 2969 1149 3038 μἐν
1168 2964 1259 3039 δνομα
1274 2966 1343 3034 ἰσως

170 3057 230 3116 ἀπὸ
250 3065 308 3116 τῶν
326 3057 409 3128 ζώων
429 3060 711 3132 συναγελαζομένων,
732 3057 781 3130 ἐφ’
803 3052 835 3116 οὗ
856 3057 1068 3129 σημαινομένου
1087 3063 1135 3115 καί
1155 3056 1278 3115 Πλάτων
1297 3058 1342 3114 κε’-

168 3168 273 3227 χρηται
288 3146 319 3204 έν
335 3153 376 3222 τῷ
392 3151 538 3224 Πολιτικῷ
550 3158 586 3219 (p.
602 3152 662 3206 266.
674 3153 717 3215 Α).
737 3155 876 3219 μετῆκται
891 3148 921 3204 δὲ
938 3146 984 3204 ἐπί
1003 3146 1069 3213 τοὺς
1087 3146 1259 3219 ἀνθρώπους
1277 3145 1344 3213 τοὺς

169 3236 368 3310 ἀδοξοτέρους.
389 3227 481 3303 ούτως
493 3234 654 3310 Ἰσοκράτης
674 3236 705 3293 ἐν
724 3243 765 3311 τῷ
779 3241 972 3310 Πανηγυρικῷ
991 3239 1020 3308 (l.
1036 3239 1253 3311 Παναθηναϊκῷ
1271 3240 1343 3302 518)

171 3324 262 3382 αὐτοῦ
284 3322 368 3400 λόγῳ.
398 3329 448 3381 καί
466 3323 634 3397 ἀγελαῖον
653 3319 760 3399 άρτον
778 3324 838 3382 τὸν
859 3329 1012 3397 χυδαῖον.
1050 3328 1173 3396 Quacum
1199 3327 1290 3396 glossa
1309 3326 1343 3382 cf.

170 3419 237 3472 Hes.
257 3413 399 3486 ἀγελαῖοι·
424 3411 523 3485 ἰχθύες
546 3418 647 3471 πολλοὶ
669 3419 768 3487 μικροί
787 3419 835 3471 καί
855 3411 927 3480 ὁμοῦ
946 3417 1043 3470 λίθοι
1062 3411 1231 3478 εὐτελεῖς,
1252 3416 1343 3469 etEt.

170 3506 208 3559 M.
230 3505 259 3570 7,
278 3505 321 3559 41.
342 3500 476 3574 ἀγελαῖος
492 3544 571 3560 .....
586 3507 634 3559 καί
658 3503 765 3569 εἰκαῖος
783 3507 832 3560 καὶ
857 3500 985 3573 εὐτελής,
1010 3505 1058 3559 ubi
1076 3505 1173 3559 eadem
1193 3504 1344 3572 explicatio

172 3587 292 3661 εὐτελής
310 3593 437 3648 recurrit.
467 3594 612 3648 Animalia
629 3590 749 3664 ἀγελαῖα
768 3611 803 3649 ex
821 3595 888 3649 Hes.
908 3595 994 3662 Harp.
1015 3610 1036 3647 s.
1056 3610 1080 3647 v.
1100 3588 1240 3663 ἀγελαίαν
1259 3594 1289 3644 Β.
1310 3593 1343 3644 A.

171 3683 238 3747 325,
258 3682 292 3736 27
317 3683 361 3749 (=
380 3682 455 3737 Suid.
475 3682 511 3750 gl.
531 3685 558 3750 3)
582 3682 656 3738 Suid.
681 3684 716 3751 gl.
737 3686 761 3737 1.
783 3683 924 3738 veteribus
947 3682 1040 3751 pisces
1064 3682 1150 3735 fuisse
1174 3683 1289 3734 constat.
1310 3709 1343 3717 »-

171 3771 235 3825 Non
248 3769 334 3839 igitur
349 3769 451 3825 Rindfl.
465 3787 492 3839 p.
506 3773 548 3825 29.
568 3772 718 3837 adsentior,
738 3772 785 3840 qui
804 3772 1014 3839 lexicographos
1032 3771 1115 3837 plane
1135 3768 1228 3822 aliena
1247 3768 1282 3822 ab
1302 3773 1343 3821 at·
1452 3823 1454 3827 ⁴

172 3859 329 3914 ticistarnm
349 3857 465 3914 consilio
484 3861 596 3914 tradere
615 3859 743 3914 affirmat.
762 3860 939 3914 —Priorem
959 3860 1077 3927 glossam
1097 3858 1125 3910 in
1144 3858 1175 3910 B.
1188 3858 1221 3909 A.
1235 3857 1296 3922 325,
1309 3856 1344 3908 27

172 3946 316 4017 ἀγελαῖος.
345 3941 456 4015 ἰδιώτης
479 3939 498 4015 ἢ
517 3942 533 4002 ὁ
552 3945 584 4002 ἐν
602 3943 689 4018 ἀγέλη
709 3943 828 4018 διάγων·
853 3950 902 4002 καί
926 3945 1069 4017 ἀγελαίαν
1087 3948 1145 3999 τῶν
1164 3947 1277 3999 πολλῶν
1296 3946 1345 3998 καί

171 4031 326 4104 τυχόντων.
353 4030 396 4104 εἰη
416 4029 443 4088 δ’
463 4030 499 4091 ἀν
518 4034 552 4092 έκ
570 4040 737 4107 μεταφοράς
760 4039 817 4089 τῶν
836 4032 977 4106 άγελαίων
995 4030 1090 4101 ζώων,
1115 4027 1134 4102 ἢ
1152 4029 1210 4088 ἀπὸ
1230 4036 1287 4086 τῶν
1306 4031 1344 4101 ἰχ-

173 4120 267 4187 θύων,
289 4116 337 4190 ούς
354 4123 518 4196 βόσκεσθαι
541 4123 627 4198 ῥύδην
646 4126 730 4192 (Suid.
751 4127 837 4194 Harp.
857 4123 955 4195 ῥίβδην
978 4125 1036 4178 cod.
1057 4124 1149 4184 Coinl.)
1172 4125 1221 4177 καί
1243 4119 1344 4192 ἀγελη-

172 4207 339 4281 dcccxciv,
359 4218 403 4283 (=
422 4215 497 4271 Suid.
518 4217 554 4284 gl.
573 4217 599 4270 3.
620 4214 667 4282 qui
686 4216 716 4268 B.
736 4215 769 4268 A.
789 4215 825 4282 gl.
845 4214 870 4267 2.
889 4213 1014 4282 ineptum
1032 4212 1061 4266 in
1080 4213 1190 4268 modum
1208 4212 1344 4278 inseruit),

176 4317 248 4370 quae
268 4317 303 4357 ex
321 4307 403 4373 parte
422 4305 543 4359 concinit
562 4321 623 4359 cum
642 4304 742 4372 Harp.,
766 4318 857 4372 neque
880 4306 974 4357 tamen
997 4307 1029 4357 ut
1049 4302 1136 4358 artior
1154 4318 1241 4356 nexus
1260 4299 1346 4356 statui

171 4391 270 4461 possit,
289 4392 453 4450 dubitanter
470 4395 507 4449 ad
525 4392 709 4449 atticiatarum
729 4393 883 4448 doctrinam
901 4390 1000 4448 refero.
