3000 5040
652 241 716 308 152
762 247 766 253 '

2 440 20 474 a
100 396 292 486 άσφάλειαν.
318 394 513 487 ὕστερονδὲ
537 400 699 488 ἐνομίσθη
723 401 882 488 ἐδέατρον
905 408 1020 470 καλεῖν
1043 395 1104 470 τδν
1129 401 1269 471 ἐπιστά-

99 533 160 596 την
183 516 241 595 τῆς
264 502 342 596 ὅλης
366 510 536 587 διακονίας
559 511 615 574 καὶ
638 517 857 596 παρασκευῆς.

190 617 261 682 148.
294 617 466 682 Eustath.
485 639 513 700 p.
534 617 607 694 872,
626 617 677 681 61.
711 606 764 682 δτι
788 616 823 682 δὲ
847 613 970 703 έδος1)
993 617 1124 702 λέγεται
1147 620 1204 683 καὶ
1228 610 1269 683 τὸ

100 721 220 809 ίδρυμα
238 724 294 788 καὶ
313 716 452 808 ἄγαλμα,
476 717 495 789 5
519 725 747 801 Παυσανίας
768 724 879 809 φησίν.

74 848 87 887 ⁵
191 831 262 895 149.
299 831 471 895 Eustoth.
494 853 523 914 p.
549 830 648 908 1403,
672 831 723 896 31.
760 822 850 896 οδτω
883 832 940 896 καὶ
972 826 1046 897 έδω
1077 827 1271 917 βαρύτονον

100 928 162 1019 άφ’
185 926 227 1002 οὗ
249 929 269 1024 η
293 932 410 1023 ἐδωδή.
435 938 491 1002 καὶ
515 936 582 1002 too
603 933 871 1022 περισπώμενον,
896 927 937 1002 οὗ
955 930 974 1004 5
992 937 1126 1022 μέλλων
1150 933 1192 1005 οὐ
1209 936 1271 1024 μδ-

102 1067 163 1109 νον
187 1039 293 1129 ἐδήσω
317 1037 356 1109 τὸ
379 1040 534 1129 παράγον
556 1051 618 1131 τῆν
642 1035 776 1130 ἐδητὺν,
804 1037 888 1110 άλλά
913 1045 969 1110 καί
993 1044 1112 1122 ἐδέσω,
1140 1037 1204 1129 ἀφ’
1229 1035 1272 1111 οὗ

99 1141 138 1215 τὸ
167 1145 285 1235 ἔδεσμα
296 1151 331 1236 ¹).
364 1152 591 1229 Παυσανίας
619 1151 654 1216 δὲ
681 1147 823 1238 παράγει
850 1152 907 1217 καὶ
936 1147 1066 1238 χρήσεις
1097 1148 1271 1230 τοιαύτας·

100 1252 245 1322 Πλάτων
264 1257 316 1343 (ir.
338 1258 408 1322 138.
428 1258 528 1341 Kook)
548 1261 702 1342 Σοφιστῇ

62 1381 88 1421 ιο
234 1362 270 1429 ἐν
293 1365 379 1448 τρισὶ
402 1369 541 1450 πληγαῖς
568 1356 744 1453 άπηδέσθη
766 1356 806 1432 τὸ
829 1361 969 1452 ῥάμφος,

101 1472 158 1536 καὶ
182 1469 219 1536 ἐν
238 1465 384 1557 Ἑορταῖς
408 1470 460 1557 (fr.
480 1472 531 1537 35.
555 1472 657 1560 Koch)

232 1577 484 1665 κατηδέσθημεν
508 1571 550 1644 ἐν
573 1581 629 1644 καὶ
652 1575 885 1667 κατεκόπημεν
908 1573 1018 1658 εὐθύς.

192 1686 264 1752 150.
292 1686 464 1750 Eustath.
483 1709 512 1770 p.
533 1688 606 1764 800,
626 1687 677 1752 27.
706 1688 885 1774 σημείωσαι
905 1687 941 1753 δὲ
960 1677 1013 1754 δτι
1035 1679 1075 1753 τὸ
1095 1686 1272 1772 iotam).

101 1785 195 1859 καθά
222 1793 279 1859 καὶ
307 1785 451 1877 άλλαχοῖ
480 1789 586 1880 ἐφάνη
595 1795 638 1878 1),
665 1786 707 1860 οὐ
733 1792 841 1879 μόνον
868 1785 959 1881 παρά
982 1802 1032 1881 τῷ
1054 1801 1177 1881 ποιητῇ
1200 1817 1272 1878 τρι-

64 1915 89 1956 1⁵
104 1896 276 1981 συλλάβως
293 1899 499 1985 προφέρεται
517 1892 579 1980 άεί,
599 1893 683 1966 άλλά
702 1903 759 1966 καὶ
775 1893 867 1987 παρά
886 1915 956 1979 τοῖς
975 1895 1088 1978 άλλοις
1105 1894 1145 1966 τδ
1164 1901 1273 1966 πλέον

101 1999 183 2091 μετὰ
201 2014 263 2072 toi
281 2017 308 2087 ε’,
332 2001 378 2085 άς
396 2008 452 2072 καί
470 2007 608 2085 Αίλιος
630 2005 838 2086 Διονύσιος
859 2016 1152 2096 παρασημειοῦται,
1176 1999 1274 2090 ὅθεν,

102 2115 211 2199 φησὶ,
235 2114 291 2178 καί
313 2106 579 2202 ἐθελοντὴςθ),
605 2107 623 2180 5
648 2107 857 2201 αὐθαιρέτως
878 2139 911 2180 τι
933 2122 1053 2182 ποιῶν.
1087 2114 1273 2181 ἐκαλοῦντο

103 2219 139 2284 δὲ
165 2221 223 2284 καί
250 2219 426 2285 ἐθελονταί
455 2217 663 2302 διδάσκαλοι,
691 2217 871 2307 δραμάτων
899 2215 1037 2308 δηλαδὴ,
1066 2213 1123 2288 ὅτε
1150 2245 1201 2298 τις
1227 2213 1274 2308 μὴ

102 2317 215 2407 λαβών
235 2320 340 2411 χορὸν
362 2327 444 2414 μηδὲ
464 2321 650 2415 χορηγητὴν
679 2324 764 2413 ἐχων
793 2324 901 2414 ἐαυτῷ
923 2319 966 2393 τά
989 2324 1102 2394 πάντα
1123 2341 1272 2415 παρεῖχε.

62 2447 89 2486 ¹⁰
193 2433 264 2499 151.
302 2433 474 2499 Eustath.
498 2458 528 2518 p.
554 2437 652 2512 1158,
677 2437 728 2501 20.
761 2434 872 2501 ἰστέον
905 2434 942 2501 δὲ
975 2424 1028 2500 δτι
1056 2428 1074 2500 5
1099 2427 1274 2522 Ὁμηρικὸς

103 2539 206 2626 ίστωρ
225 2543 281 2607 καὶ
300 2537 446 2627 ίδύος1)
469 2540 599 2626 ἐλέγετο
617 2535 709 2629 παρὰ
727 2555 797 2620 τοῖς
814 2547 970 2619 παλαιοῖς
989 2540 1026 2608 ἐν
1046 2543 1273 2628 διφορουμένη

102 2655 221 2733 γραφη.
254 2650 481 2725 Παυσανίας
503 2656 601 2732 γοῦν,
624 2647 664 2712 ἐν
688 2643 746 2726 οίς
770 2645 914 2734 ἐγραψε
938 2639 1038 2715 κατὰ
1057 2660 1273 2734 στοιχεῖον,

104 2753 141 2819 ἐν
163 2754 224 2838 μὲν
246 2762 295 2840 τῷ
320 2765 337 2818 i
361 2756 512 2840 στοιχείῳ
530 2749 659 2840 γράφει.
683 2751 832 2835 ,είδάοι
853 2751 1046 2842 μάρτυρεςκ.
1076 2754 1113 2822 ἐν
1137 2756 1173 2823 δέ
1191 2763 1242 2842 τῷ
1262 2782 1274 2822 ι

102 2856 249 2943 ,ίδύους
273 2856 441 2946 μάρτυρας
465 2861 728 2947 συνίστορας111).
762 2862 865 2948 δῆλον
889 2862 925 2929 δὲ
949 2854 1001 2929 ὅτι
1025 2864 1192 2949 συνίστωρ
1218 2859 1274 2930 σύ-

63 2985 89 3026 2⁵
104 2962 238 3051 στοιχόν
262 2965 403 3052 ἐστιτῷ
426 2967 542 3054 ἰ’στορι.
577 2967 605 3032 εί
630 2967 665 3034 δὲ
690 2968 823 3054 διφορεῖ
843 2960 905 3055 τὴν
926 2962 1059 3057 γραφὴν
1081 2971 1139 3035 καὶ
1162 2963 1275 3051 αὐτὸς,

149 3127 208 3181 148.
228 3128 249 3193 1)
268 3125 303 3180 of.
317 3126 387 3180 Tim.
401 3126 455 3181 lex.
474 3128 545 3182 Plat.
565 3120 635 3192 έδος.
659 3122 693 3181 τὸ
712 3119 825 3198 ἄγαλμα
838 3130 888 3182 καί
907 3121 922 3183 5
941 3123 1038 3194 τόκος,
1059 3125 1091 3184 ἐν
1109 3119 1132 3202 ᾧ
1150 3124 1273 3201 ἵδρυται.

103 3216 147 3270 Et.
166 3216 204 3270 Μ.
223 3217 289 3283 316,
309 3216 351 3271 57.
370 3215 415 3270 Et.
436 3216 505 3271 Gnd.
525 3234 551 3286 p.
572 3217 631 3282 160,
650 3217 693 3271 42.
721 3217 805 3272 Plura
827 3234 872 3287 ap.
896 3218 961 3272 Hes.
986 3221 1015 3272 et
1037 3218 1111 3274 Snid.
1136 3223 1180 3286 (=
1204 3219 1274 3273 Lex.

103 3305 216 3360 Baohm.
240 3304 305 3370 207,
330 3305 365 3373 6),
388 3305 455 3360 Lex.
474 3306 587 3360 Baohm.
607 3307 672 3375 206,
693 3307 734 3360 12.
754 3307 785 3360 Β.
805 3309 837 3362 A.
858 3307 923 3373 246,
943 3307 968 3360 3.
997 3305 1104 3362 Similia
1126 3323 1170 3377 ap.
1193 3307 1274 3363 Eust.

103 3411 131 3464 p.
152 3394 210 3448 146.
230 3395 255 3448 2.
275 3394 334 3460 155,
354 3395 397 3449 20.

149 3482 208 3537 149.
228 3484 250 3549 1)
269 3481 303 3537 ef.
323 3481 356 3538 ir.
377 3483 436 3538 147.
456 3487 485 3537 et
502 3484 567 3549 205,
592 3500 663 3553 quae
686 3488 746 3539 arte
770 3501 830 3540 cum
854 3490 946 3540 nostro
970 3486 1128 3540 cohaerent.
1164 3486 1273 3542 Eadem

104 3572 185 3628 dooot
202 3571 280 3627 Eust.
298 3588 326 3640 p.
347 3573 406 3640 137,
426 3573 450 3626 2.
471 3572 505 3627 ci.
525 3573 569 3628 Et.
589 3573 628 3628 M.
647 3574 708 3639 315,
727 3574 770 3628 33.
790 3576 849 3639 316,
869 3576 912 3629 31.
931 3573 976 3628 Et.
997 3574 1066 3629 Gud.
1086 3574 1145 3639 160,
1165 3575 1209 3628 21.
1229 3577 1272 3630 27.

150 3663 208 3717 150.
229 3663 250 3726 1)
268 3662 335 3717 Lob.
354 3662 456 3732 Phryn.
475 3679 501 3732 p.
521 3663 546 3716 4.
557 3679 616 3731 sqq.
635 3663 680 3716 Et.
699 3663 738 3717 M.
757 3664 817 3730 318,
838 3665 879 3718 18.
908 3664 1037 3718 Fortasse
1056 3664 1107 3717 hoc
1127 3661 1187 3717 loeo
1206 3664 1272 3718 atti·

105 3749 175 3806 cista
193 3751 294 3806 iterum
313 3751 488 3823 Tryphonem
507 3752 639 3820 sequitur.

193 3840 215 3911 1)
233 3840 326 3896 Etiam
344 3842 470 3912 proxima
488 3842 663 3910 adiungenda
682 3846 757 3904 sunt,
782 3841 851 3909 quod
875 3842 940 3896 Hes.
960 3836 1026 3905 τοὺς
1044 3837 1237 3912 βουλομένους
1256 3832 1274 3909 ἢ

102 3926 250 4001 χορηγοὺς.
275 3931 401 3986 exhibet:
431 3947 501 4000 qnae
520 3932 610 4001 glossa
629 3948 672 4000 ap.
692 3930 766 3986 Snid.
786 3926 946 4000 ἐθελοντὴς.
970 3924 1158 4002 βουλόμενος,
1182 3932 1274 3999 ῒχω-

106 4015 191 4089 ρητός
209 4023 337 4089 corrupta
355 4024 433 4076 extat
452 4027 481 4076 et
498 4021 563 4076 inde
581 4021 742 4090 corrigenda
761 4025 810 4075 ost.

193 4107 214 4176 8)
233 4110 346 4164 adrem
364 4111 427 4166 vide
445 4113 547 4166 Athen.
567 4111 640 4167 XIV.
660 4112 720 4166 621.
740 4109 774 4165 cf.
794 4109 871 4165 Eust.
891 4110 951 4176 884,
971 4110 1013 4164 24.

153 4199 213 4254 151.
232 4199 254 4265 1)
271 4199 425 4256 Pausaniae
445 4200 569 4256 doctrina
587 4199 706 4256 recurrit
724 4216 767 4269 ap.
786 4201 863 4255 Eust.
884 4216 910 4268 p.
931 4200 1012 4267 1154,
1032 4199 1075 4254 35.
1095 4228 1128 4237 -
1147 4214 1174 4266 p.
1195 4196 1273 4258 1570,

106 4288 149 4344 40.
168 4283 196 4344 oi
214 4289 329 4343 παλαιοί
347 4305 440 4345 vocem
459 4289 607 4360 protulisse
626 4291 779 4346 traduntur.

195 4377 309 4446 ¹)oonv.
329 4378 394 4434 Hes.
413 4409 448 4418 —
