3000 5040
821 250 886 316 252

268 414 306 481 ἐν
329 408 443 492 ἄλλοις
466 414 636 499 δηλοῦται,
659 405 721 497 οόχ
742 402 882 497 οόρισται
903 403 990 479 κατὰ
1012 403 1053 479 τὸ
1075 412 1182 498 γένος,
1204 405 1255 491 ὡς
1278 412 1338 479 καὶ
1360 403 1442 480 αότό

267 521 477 607 προείρηται·
505 521 643 607 φέρεται
664 512 727 606 γὰρ
751 518 788 585 έν
811 516 1010 607 ῥητορικῷ
1032 524 1190 607 λεξικῷ,
1212 512 1265 599 ὡς
1286 512 1441 605 όσσοςῑ)

269 622 289 695 ό
312 619 491 713 ὀφθαλμὸς
514 621 699 715 ἀρσενικῶς
722 626 759 693 έν
786 633 828 710 τῇ
854 628 1038 716 τραγῳδίᾳ,
1064 619 1149 714 παρ’
1162 618 1298 715 Ὁμήρῳ
1325 626 1365 695 δὲ
1388 618 1439 693 οό

269 734 418 821 δετέρως.

832 915 872 979 11.

357 1079 431 1143 419.
464 1076 638 1144 Eustath.
656 1098 686 1160 p.
706 1075 781 1153 565,
802 1075 851 1141 19.
886 1073 929 1141 έν
948 1074 988 1141 δὲ
1007 1073 1169 1143 ἐκθέσει
1192 1084 1442 1164 συγγενικῶν

243 1185 417 1267 ελέξεων
448 1184 683 1270 φερομένων
715 1181 756 1249 ἐν
788 1178 987 1271 ῥητορικῷ
1018 1188 1163 1270 λεξικῷ
1188 1179 1361 1272 γράφεται
1387 1188 1441 1253 καὶ

268 1300 387 1359 ταῦτα·
410 1291 678 1378 παππὶςειν)
701 1281 742 1355 τό
761 1286 907 1355 πάππαν
929 1294 1044 1356 καλεῖν
1065 1290 1123 1355 καὶ
1146 1293 1322 1357 παππίαν·
1349 1284 1440 1361 οὕτω

269 1401 305 1466 δὲ
328 1392 390 1466 τὸν
412 1398 542 1484 πατέρα
566 1395 599 1464 ολ
615 1392 752 1464 Ἀττικοὶ
771 1390 1041 1483 ὑποκορὶζονται.
1063 1388 1127 1465 τόν
1145 1396 1182 1465 δέ
1200 1398 1333 1483 τροφέα
1351 1396 1440 1467 πόπ-

269 1532 338 1574 παν
357 1498 477 1587 οὐδείς,
495 1524 630 1593 φησιν,
642 1495 760 1591 Ἕλλην
778 1508 881 1570 καλεῖ.
906 1505 963 1570 καὶ
977 1494 1031 1572 ότι
1044 1511 1117 1576 τῶν
1135 1512 1345 1591 συγγενικῶν
1364 1498 1440 1575 όνο-

267 1611 385 1700 μάτων
407 1606 449 1679 τὰ
471 1613 533 1698 μέν
557 1611 627 1679 ἐστι
649 1603 747 1678 κοινὰ
769 1607 926 1692 πάντων,
949 1606 1025 1678 οἷον
1047 1603 1173 1700 πατήρ,
1193 1608 1319 1700 μήτηρ,
1343 1607 1441 1681 ἀδελ-

232 1742 257 1781 ιο
271 1713 336 1807 φὸς
357 1723 413 1787 καὶ
437 1713 479 1787 τὰ
503 1711 602 1806 ὅμοια
627 1759 664 1768 -
690 1710 733 1784 τὰ
758 1719 794 1784 δὲ
818 1717 855 1784 ἐκ
877 1714 1066 1805 προσώπου
1088 1719 1219 1805 λέγεται
1236 1718 1345 1803 ἰδίως,
1368 1716 1442 1789 οἷον

269 1823 441 1917 όπφαν1)
463 1820 526 1915 τήν
549 1818 698 1914 α’όελφήν
716 1819 869 1904 Ἀττικῶς
891 1822 979 1914 μόνη
1001 1819 1023 1913 ή
1042 1818 1169 1915 ἀδελφὴ
1193 1826 1285 1895 εἴποι
1308 1821 1364 1912 ἂν,
1387 1830 1444 1897 καὶ

268 1932 473 2021 πόππανῐ)
495 1927 558 2000 τόν
580 1934 710 2020 πατέρα
731 1929 836 2019 μόνος
859 1925 878 2000 ὃ
897 1945 984 2012 παῖς.
1009 1924 1126 2021 οόσπερ
1148 1936 1206 2000 καὶ
1227 1937 1443 2025 μαμμίανθ)

268 2034 330 2130 τὴν
357 2041 482 2128 μητέρα
510 2043 567 2107 καὶ
594 2034 636 2107 τὰ
664 2032 778 2127 ὅμοια,
806 2039 844 2107 ἐν
871 2036 922 2120 οἷς
949 2036 1048 2129 θήσει
1071 2065 1121 2121 τις
1142 2043 1200 2108 καὶ
1226 2034 1267 2110 τό
1292 2035 1441 2133 ήθετος.

268 2148 381 2215 ἰστέον
405 2149 441 2214 δέ
465 2139 517 2215 ότι
541 2148 578 2214 ἐκ
600 2156 677 2229 τοῦ,
706 2141 752 2227 ὡς
779 2146 918 2236 ἐρρέθη,
948 2141 1046 2232 όπφα
1072 2150 1200 2234 γίνεται
1222 2151 1281 2216 καὶ
1302 2142 1344 2217 τό
1369 2144 1441 2218 ἄπ-

232 2278 365 2341 ιεφιον
392 2249 604 2342 ὑποκόρισμα
627 2248 668 2322 όν
692 2255 867 2342 ἐρωμένης.
909 2255 1016 2335 τινὲς
1044 2255 1121 2344 δέ’)
1147 2248 1268 2324 καὶτὸ
1292 2250 1442 2343 όιπφα4)

270 2357 480 2450 ὑποκόρισμά
495 2381 598 2447 φασιν
611 2354 768 2430 Ἀττικόν.
794 2355 828 2447 [ὁ
842 2361 958 2448 μέντοι
973 2354 1139 2450 όπφόςῡ)
1157 2356 1250 2451 παρὰ
1265 2365 1441 2452 Θεοκρέτφ

270 2465 399 2558 πατρὸς
421 2477 549 2559 κλῆσις,
576 2461 618 2558 ἣν
640 2470 765 2556 βρέφος
788 2463 831 2535 όν
852 2471 1033 2556 προσείποι
1054 2470 1197 2557 πατέρα,
1224 2461 1289 2537 τόν
1311 2462 1378 2554 ἀφ’
1400 2458 1442 2537 οὗ

272 2575 343 2666 ἔφη.
376 2587 535 2646 τοιοῦτον
556 2574 618 2665 γάρ
641 2601 674 2643 τι
696 2569 717 2664 ἦ
740 2576 825 2660 λέξις
847 2569 1053 2662 ὑποβάλλει]

315 2882 377 2937 418.
405 2882 531 2938 Glosssm
550 2898 585 2937 ex
603 2881 698 2936 Aolii
712 2880 871 2952 Dionysii
889 2879 999 2936 scriniis
1018 2882 1209 2951 depromptsm
1227 2895 1290 2937 οιιο
1308 2884 1388 2953 ροοο,
1407 2882 1442 2939 of.

272 2973 305 3027 fr.
323 2973 384 3027 217.
405 2977 433 3026 et
450 2971 485 3026 fr.
504 2971 564 3026 361.
584 2963 698 3041 ἄφενος.

361 3062 382 3122 1)
400 3059 529 3115 Recurrit
551 3075 595 3130 ap.
619 3061 698 3116 Eust.
720 3077 747 3130 p.
767 3061 814 3126 73,
832 3060 875 3115 42.
899 3060 965 3127 432,
986 3062 1027 3115 11.
1046 3060 1112 3116 Hes.
1137 3052 1235 3115 ὅσσων
1253 3059 1299 3116 Et.
1318 3060 1358 3117 M.
1380 3062 1441 3129 766,

272 3151 316 3205 35.
335 3149 395 3217 685,
415 3150 457 3205 55.
476 3149 520 3203 Et.
539 3149 608 3204 Gud.
629 3151 689 3216 437,
709 3151 751 3205 60.
771 3149 829 3216 (ubi
847 3165 868 3204 s.
888 3149 907 3204 f.
926 3151 989 3219 lego
1009 3143 1112 3215 σκότος
1130 3165 1181 3220 pro
1199 3144 1303 3219 κότος).

317 3238 378 3292 419.
407 3237 447 3292 Of.
461 3238 533 3293 Prol.
548 3256 575 3309 p.
590 3240 632 3294 40.
656 3239 742 3294 Totus
757 3238 833 3294 locus
848 3255 883 3294 ox
897 3239 1129 3310 Aristophane
1143 3240 1180 3295 od
1193 3238 1334 3296 sttioistss
1347 3243 1442 3298 trous·

273 3325 416 3396 migravit,
440 3327 475 3382 of.
500 3330 548 3383 Ar.
572 3329 636 3399 Byz.
662 3330 705 3384 od.
728 3329 834 3384 Nauck.
859 3346 887 3398 p.
907 3330 966 3384 155.
992 3328 1051 3385 159.
1084 3328 1218 3384 Aelium
1240 3329 1444 3402 Dionysium

273 3417 361 3471 nostri
379 3417 464 3472 looni
482 3423 623 3473 auctorem
642 3434 702 3473 esso
720 3423 787 3488 puto
805 3421 920 3488 propter
938 3417 972 3474 fr.
991 3419 1052 3482 253,
1072 3419 1132 3475 309.
1383 3467 1387 3476 .

361 3507 383 3575 ²)
402 3506 441 3562 Of.
455 3524 481 3577 p.
495 3508 574 3574 1283,
587 3509 630 3573 38,
649 3507 698 3561 ubi
717 3508 787 3563 hoec
801 3508 952 3563 adduntur:
969 3510 1071 3578 χρῆσις
1087 3504 1125 3570 δέ,
1144 3523 1241 3577 φασιν,
1261 3501 1351 3564 αὐτοῦ
1361 3503 1443 3581 παρὰ

277 3590 415 3664 Φιλήμονι
429 3593 460 3652 έν
479 3597 520 3669 τῷ
535 3590 705 3667 (Μετιόντι)
726 3597 769 3663 (fr.
783 3597 827 3652 42.
846 3597 944 3665 ΚοοΙι),
963 3595 998 3652 cf.
1013 3599 1079 3652 Ath.
1089 3596 1164 3651 VIII.
1179 3596 1270 3653 340E.
1290 3595 1331 3652 CI.
1341 3613 1369 3667 p.
1379 3598 1442 3664 564,

273 3687 315 3742 66.
338 3717 374 3726 -
392 3687 470 3741 Phot.
494 3702 516 3740 s.
540 3704 564 3740 v.
584 3680 755 3752 παππόζειν.
780 3686 856 3741 Suid.
875 3686 939 3743 Hes.
959 3716 994 3725 -
1017 3680 1134 3749 πάππα,
1158 3685 1192 3741 of.
1211 3685 1278 3742 Hes.
1295 3686 1377 3742 Prot.
1395 3687 1441 3743 Et.

272 3775 309 3830 M.
329 3776 389 3842 651,
408 3776 450 3832 51.
471 3777 513 3831 17.

362 3865 382 3933 3)
402 3864 442 3920 ef.
460 3867 491 3920 B.
509 3868 541 3920 A.
564 3867 629 3934 441,
650 3868 692 3920 11.
711 3864 793 3933 (unde
812 3864 940 3920 vitiosum
958 3859 1074 3935 ἄποψάς
1092 3881 1119 3934 p.
1137 3865 1204 3933 440,
1222 3865 1265 3920 11.
1288 3864 1318 3919 in
1343 3855 1444 3935 όκφας

274 3954 414 4025 corrigas).
433 3955 499 4010 Hes.
519 3971 540 4010 s.
560 3973 584 4011 v.
603 3952 705 4024 ἂπφία.
725 3954 800 4010 Suid.
820 3956 867 4010 Ar.
886 3955 952 4026 Byr.
972 3956 1015 4010 od.
1033 3954 1142 4011 Nauck.
1160 3970 1187 4023 p.
1207 3954 1267 4010 155.

361 4043 384 4113 ⁸)
404 4043 444 4100 01.
463 4044 563 4100 Nauck
581 4044 600 4100 l.
619 4045 638 4100 l.

362 4137 385 4201 ⁴)
404 4133 444 4190 Of.
463 4133 571 4189 Nauck.
589 4151 616 4204 p.
636 4135 696 4190 159.
708 4151 747 4203 sq.

363 4224 384 4290 1)
404 4223 458 4278 Vix
478 4224 599 4292 dubium,
621 4222 686 4292 quin
705 4223 781 4278 Iocus
800 4223 982 4279 Theocritous
1001 4223 1071 4293 (XV.
1085 4224 1138 4292 13.)
1155 4237 1211 4278 non
1230 4237 1265 4278 ox
1282 4221 1345 4278 Aol.
1360 4221 1444 4281 Dion.

274 4311 395 4379 fluxerit,
415 4312 449 4368 of.
468 4331 496 4383 p.
515 4314 576 4382 971,
595 4314 639 4369 29.
658 4314 769 4384 Froyer,
789 4313 866 4370 siud.
885 4313 960 4382 Lips.
973 4314 1006 4368 V.
1025 4329 1052 4382 p.
1072 4313 1133 4369 392.
1151 4312 1224 4368 ProL
1242 4328 1270 4382 p.
1289 4311 1333 4367 40.
1356 4312 1445 4370 Rodio

275 4416 339 4458 vero
357 4403 432 4471 apud
449 4401 523 4458 Suid.
544 4403 609 4458 Hes.
628 4403 730 4458 Herod.
750 4420 778 4458 π,
797 4422 826 4470 μ.
846 4405 869 4457 λ.
889 4404 924 4459 II.
943 4418 969 4472 p.
989 4404 1050 4470 936,
1070 4403 1111 4458 17.
1131 4402 1227 4457 Lontz.
