3000 5040
722 226 764 293 ts

248 385 436 470 Saepissime
459 383 609 463 Suidas,
632 407 725 468 quern
744 405 807 451 non
829 406 868 450 ex
886 384 1000 450 Photio
1023 385 1102 469 ipso,
1125 385 1183 452 sed
1206 408 1248 452 ex
1270 387 1326 453 eis-

159 495 230 557 dem
268 491 409 556 fontibus
439 498 535 574 atque
566 493 767 576 patriarchae
798 492 920 556 lexicon
952 491 1131 557 derivatum
1158 512 1230 559 esse
1261 515 1326 560 cre·

159 599 276 674 dimus,
303 598 344 663 ad
372 599 524 662 auxilium
552 600 714 663 succurrit.
761 598 984 676 Quaestionem
1007 618 1083 663 sane
1106 597 1326 665 difficillimam

159 705 337 786 nuperrime
368 704 504 786 Rocllig‚
537 704 617 769 Disa
644 705 757 770 Philol.
786 704 913 769 Halena
939 704 998 769 vol.
1027 703 1113 768 VIII.
1140 726 1172 788 p.
1202 705 1326 770 1-67.

163 810 256 875 1887.
288 811 335 874 ita
367 811 537 893 expedivit,
569 816 605 874 ut
637 809 766 875 Suidam
799 831 837 874 ex
869 809 1025 875 similibus
1056 809 1202 877 fontibus
1233 817 1327 896 atque

159 917 307 980 Photium
333 918 489 999 prodiisse
515 922 644 999 putaret
667 917 946 999 Eudamumque
974 915 1033 982 sub
1056 937 1093 981 eo
1116 917 1220 982 latere
1244 917 1326 983 arbi-

159 1028 306 1087 traretur.
342 1023 379 1086 In
403 1043 440 1087 eo
463 1023 617 1105 imprimis
640 1024 810 1099 adsentior,
833 1044 896 1088 non
915 1021 1046 1088 Suidam
1068 1043 1086 1087 e
1108 1023 1225 1089 Photio
1253 1044 1326 1108 pen-

159 1129 234 1193 dere
266 1127 375 1214 (quam
407 1129 587 1211 opinionem
620 1128 775 1204 Zarnoko,
811 1127 915 1212 Symb.
949 1130 990 1193 ad
1017 1128 1094 1194 Poll.
1121 1135 1217 1194 tract.
1244 1129 1326 1214 Lips.

162 1234 246 1299 1885
265 1257 295 1317 p.
313 1234 365 1298 48.
385 1234 621 1318 εᾳᾳ.,Βειῖεινοθ
645 1241 771 1299 secutus
795 1234 966 1299 defendere
988 1234 1135 1321 studuit).
1168 1236 1221 1303 An
1243 1243 1328 1302 recte

158 1363 191 1405 se
214 1340 362 1416 habeant,
386 1360 467 1423 quae
490 1361 523 1404 se
547 1342 779 1405 demonstrasse
801 1338 941 1405 affirmat
961 1362 992 1424 p.
1015 1340 1078 1418 66.,
1100 1339 1221 1409 Suidae
1242 1343 1325 1428 glos·

158 1469 209 1512 sas
232 1469 302 1512 oum
320 1446 435 1512 Photio
458 1448 688 1511 consentientes
707 1467 746 1510 ex
765 1445 907 1510 Eudemo
925 1447 1113 1512 derivandos
1132 1467 1202 1513 esse
1220 1469 1326 1524 necne,

158 1554 325 1619 diiudicari
346 1574 413 1618 non
435 1558 548 1636 potest,
571 1553 671 1618 donec
693 1552 837 1636 Boyseno
859 1552 1017 1635 placuerit
1039 1553 1214 1620 editionem
1240 1553 1326 1620 futu-

158 1681 226 1725 ram
253 1661 287 1722 in
314 1661 417 1724 lucem
445 1660 598 1723 emittere.
623 1698 666 1708 —
689 1659 794 1742 Rdllig
816 1660 890 1724 inde
913 1680 933 1724 a
954 1681 984 1743 p.
1010 1659 1059 1724 19.
1082 1658 1231 1725 sollerter
1252 1661 1326 1726 atti·

158 1767 309 1830 cistarum
337 1764 483 1848 operibus
510 1765 626 1840 utitur,
658 1771 696 1829 ut
726 1763 855 1830 Suidam
882 1785 946 1830 non
973 1787 1013 1830 ex
1039 1764 1169 1843 Photio,
1202 1767 1326 1852 qualem

159 1892 216 1935 nos
243 1870 388 1935 manibus
414 1872 559 1946 terimus,
591 1872 745 1954 prodiisse
773 1872 974 1937 demonstret.
1020 1871 1059 1936 In
1086 1871 1206 1938 SuIdae
1233 1894 1327 1958 opere

159 1981 266 2041 autem
291 1982 358 2040 tarn
384 1977 485 2041 multa
512 1984 544 2042 et
571 1977 672 2042 bonae
699 1977 800 2060 frugis
827 1978 922 2061 plena
949 1999 988 2042 ex
1013 1979 1229 2045 atticistarum
1255 2000 1327 2064 ope-

160 2082 249 2146 ribus
281 2083 396 2146 omissa
427 2104 494 2147 esse
527 2088 633 2166 putat,
669 2090 707 2148 ut
738 2083 869 2149 Suidam
900 2105 965 2149 non
996 2105 1036 2149 ex
1066 2084 1145 2167 ipsis
1177 2086 1327 2152 atticistis

159 2189 310 2265 hausisse,
333 2189 388 2252 sed
411 2210 467 2272 per
490 2189 624 2254 alterum
647 2195 809 2255 auctorem
831 2191 872 2255 ad
895 2191 1022 2256 illorum
1047 2191 1176 2257 divitias
1198 2213 1326 2275 procos·

160 2295 237 2360 sisse
251 2301 384 2359 censeat.
413 2294 476 2359 Sed
490 2317 544 2360 cur
559 2295 672 2360 Suidae
687 2317 750 2359 non
765 2302 918 2373 auctores,
937 2317 1072 2379 quorum
1090 2296 1215 2363 codices
1231 2300 1326 2365 enan

159 2403 344 2466 duodecimo
367 2423 396 2484 p.
415 2399 447 2466 O.
467 2422 497 2466 n.
520 2402 645 2467 saeculo
668 2407 796 2485 praesto
819 2408 910 2467 erant
933 2402 984 2489 (of.
1003 2402 1161 2480 aneath,
1180 2405 1238 2486 qui
1260 2405 1327 2489 ipse

160 2529 213 2573 cos
245 2509 394 2592 inspexit,
427 2507 509 2573 Prol.
533 2530 562 2591 p.
587 2507 616 2573 5.
635 2530 694 2592 sq,
726 2509 863 2586 Usener,
896 2508 984 2573 Neue
1012 2508 1144 2575 Jahrbb.
1168 2510 1229 2575 vol.
1256 2510 1328 2575 140.

159 2636 189 2697 p.
213 2615 316 2701 387.),
343 2614 411 2697 ipse
440 2615 616 2680 evolveret?
648 2614 881 2697 Nonnunquam
907 2614 1035 2693 Suidas,
1061 2620 1099 2680 ut
1120 2615 1203 2681 Rdll.
1225 2626 1257 2700 p'.
1276 2617 1327 2682 21.

159 2721 227 2804 ipse
250 2722 402 2796 concedit,
425 2721 518 2803 plura
541 2721 639 2786 habet
656 2743 752 2803 quam
770 2722 871 2798 Phot,
890 2721 929 2787 ci.
949 2721 987 2787 ir.
1010 2722 1081 2787 111.
1101 2721 1176 2787 219.
1209 2723 1327 2788 Veram

158 2828 334 2892 Pausaniae
361 2827 537 2891 doctrinam
565 2848 604 2892 ex
632 2826 719 2893 suid.
747 2849 770 2894 s.
798 2850 825 2894 v.
853 2819 1037 2893 ἀνάστατοι
1064 2827 1201 2893 feliciter
1232 2829 1326 2894 resti·

159 2935 205 2996 tui
238 2932 391 3015 potuisse,
423 2954 518 3015 supra
549 2956 578 3016 p.
612 2933 640 2999 8.
673 2933 724 2998 29.
758 2935 1048 3000 demonstravimus.
1108 2933 1182 2999 Alia
1219 2955 1325 3000 exem-

158 3040 213 3122 pla
234 3039 391 3122 imprimis
413 3039 447 3103 in
470 3040 515 3104 eis
537 3039 682 3122 partibus
705 3041 810 3124 operis
832 3041 1046 3106 atticistarum
1068 3047 1249 3118 occurrunt,
1271 3040 1327 3106 ubi

159 3146 277 3210 auxilio
310 3145 428 3209 codicis
457 3145 589 3210 Galeani
621 3146 767 3212 destituti
799 3168 913 3213 sumus.
964 3145 1042 3224 Sed,
1073 3151 1111 3212 ut
1137 3146 1218 3213 Rdll.
1240 3151 1326 3213 reete

159 3251 337 3327 coniecerit,
359 3252 401 3316 ad
424 3251 599 3316 doctrinam
621 3252 706 3317 Aelii
724 3253 868 3336 Dionysii
891 3259 924 3318 ct
945 3253 1121 3319 Pausaniae
1143 3258 1326 3320 restauran-

159 3359 233 3423 dam
255 3378 318 3423 non
342 3359 389 3422 ita
410 3358 543 3422 multum
565 3360 660 3437 valet,
682 3365 788 3424 utrum
808 3360 921 3426 Suidas
944 3381 983 3424 ex
1001 3360 1151 3426 atticistis
1173 3360 1253 3444 ipsis
1270 3361 1326 3426 de-

158 3465 350 3549 prompserit
371 3485 483 3541 neone,
507 3487 577 3529 cum
600 3467 772 3531 innumeris
797 3468 960 3552 exemplis,
984 3488 1079 3552 quam
1102 3472 1250 3534 accurate
1271 3466 1325 3533 ille

159 3594 229 3637 cnm
261 3571 399 3635 Photio
431 3576 559 3637 auctore
592 3573 746 3657 imprimis
777 3575 810 3640 in
841 3580 950 3658 partes
981 3574 1122 3640 vocando
1154 3575 1323 3660 conspiret,

158 3683 304 3764 apertum
327 3678 377 3743 sit.

246 3786 336 3851 Idem
354 3783 420 3850 fere
439 3784 556 3850 factum
575 3806 643 3852 esse
661 3787 695 3850 in
713 3787 835 3852 lexico
853 3787 1160 3853 Bachmanniano
1183 3793 1325 3874 apparat,

159 3894 251 3975 quod,
275 3893 336 3958 etsi
358 3891 542 3977 plerumque
564 3914 635 3958 oum
658 3893 756 3959 Suida
779 3894 929 3971 concinit,
956 3899 1064 3960 tamen
1085 3895 1139 3959 hic
1164 3894 1231 3960 illic
1257 3894 1324 3980 ple·

158 4000 230 4063 nius
258 4005 307 4064 est
330 3999 499 4086 (Litteram
522 3999 550 4064 A
573 3999 637 4064 iam
661 4000 780 4065 dudum
802 4000 910 4065 Naber
935 4000 1018 4066 Prol.
1037 4023 1066 4084 p.
1088 4001 1263 4066 130-166
1287 4021 1324 4066 ex

158 4105 225 4170 Ael.
248 4105 339 4171 Dion.
363 4110 395 4171 et
422 4106 580 4172 Pausania
605 4107 760 4190 prodiisse
784 4106 1034 4194 demonstravit).
1079 4106 1187 4172 Etiam
1214 4108 1248 4172 in
1275 4127 1324 4173 oe-

158 4213 237 4276 teris
255 4214 359 4294 operis
377 4212 531 4296 partibus,
554 4212 607 4300 (cf.
627 4213 706 4279 Nab.
724 4213 806 4280 Prol.
825 4236 854 4297 p.
877 4214 1066 4299 127-130)
1089 4214 1150 4278 etsi
1173 4218 1248 4280 sunt
1270 4233 1323 4278 ve-

158 4318 322 4383 hementer
344 4323 508 4384 contracta
531 4325 563 4384 et
584 4320 686 4396 exilia,
709 4341 932 4405 nonnunquam
955 4321 1089 4402 vestigia
1112 4320 1324 4386 atticistarum
