<?xml version="1.0" encoding="UTF-8"?>
<!DOCTYPE html PUBLIC "-//W3C//DTD XHTML 1.0 Transitional//EN"
    "http://www.w3.org/TR/xhtml1/DTD/xhtml1-transitional.dtd">
<html xmlns="http://www.w3.org/1999/xhtml" xml:lang="en" lang="en">
 <head>
  <title>
</title>
<meta http-equiv="Content-Type" content="text/html;charset=utf-8" />
  <meta name='ocr-system' content='tesseract 3.04.00' />
  <meta name='ocr-capabilities' content='ocr_page ocr_carea ocr_par ocr_line ocrx_word'/>
</head>
<body>
  <div class='ocr_page' id='page_1' title='image "./aeliidionysiiet00pausgoog_0110.png"; bbox 0 0 2986 5062; ppageno 0'>
   <div class='ocr_carea' id='block_1_1' title="bbox 636 249 774 335">
    <p class='ocr_par' dir='ltr' id='par_1_1' title="bbox 636 249 774 335">
     <span class='ocr_line' id='line_1_1' title="bbox 636 249 774 335; baseline 0 -19"><span class='ocrx_word' id='word_1_1' title='bbox 636 249 774 335; x_wconf 23' lang='lat' dir='ltr'><em>os·</em></span> 
     </span>
    </p>
   </div>
   <div class='ocr_carea' id='block_1_2' title="bbox 65 400 1285 2314">
    <p class='ocr_par' dir='ltr' id='par_1_2' title="bbox 65 400 1284 1456">
     <span class='ocr_line' id='line_1_2' title="bbox 160 400 1245 499; baseline 0.001 -22"><span class='ocrx_word' id='word_1_2' title='bbox 160 412 214 478; x_wconf 86' lang='lat'><strong>22.</strong></span> <span class='ocrx_word' id='word_1_3' title='bbox 236 411 412 479; x_wconf 86' lang='lat' dir='ltr'>Eustath.</span> <span class='ocrx_word' id='word_1_4' title='bbox 431 433 461 496; x_wconf 89' lang='lat' dir='ltr'><em>p.</em></span> <span class='ocrx_word' id='word_1_5' title='bbox 481 411 556 488; x_wconf 82' lang='lat'>917,</span> <span class='ocrx_word' id='word_1_6' title='bbox 574 411 627 478; x_wconf 84' lang='grc'><em>47.</em></span> <span class='ocrx_word' id='word_1_7' title='bbox 651 411 764 477; x_wconf 82' lang='grc' dir='ltr'><strong><em>ἰστέον</em></strong></span> <span class='ocrx_word' id='word_1_8' title='bbox 784 411 820 478; x_wconf 86' lang='grc' dir='ltr'><em>δε</em></span> <span class='ocrx_word' id='word_1_9' title='bbox 839 403 891 477; x_wconf 89' lang='grc' dir='ltr'><em>ότι</em></span> <span class='ocrx_word' id='word_1_10' title='bbox 910 402 978 478; x_wconf 83' lang='grc' dir='ltr'><em>άπὸ</em></span> <span class='ocrx_word' id='word_1_11' title='bbox 996 416 1056 499; x_wconf 86' lang='grc' dir='ltr'><em>τῆς</em></span> <span class='ocrx_word' id='word_1_12' title='bbox 1078 400 1164 479; x_wconf 85' lang='grc' dir='ltr'><em>κατά</em></span> <span class='ocrx_word' id='word_1_13' title='bbox 1182 401 1245 480; x_wconf 89' lang='grc' dir='ltr'><em>τόν</em></span> 
     </span>
     <span class='ocr_line' id='line_1_3' title="bbox 65 509 1244 606; baseline 0.001 -22"><span class='ocrx_word' id='word_1_14' title='bbox 65 511 248 602; x_wconf 80' lang='grc' dir='ltr'><em>Ὀλύμπιον</em></span> <span class='ocrx_word' id='word_1_15' title='bbox 265 519 326 584; x_wconf 83' lang='grc' dir='ltr'><em>Δία</em></span> <span class='ocrx_word' id='word_1_16' title='bbox 350 509 443 603; x_wconf 87' lang='grc' dir='ltr'><em>αἰγός</em></span> <span class='ocrx_word' id='word_1_17' title='bbox 465 519 523 583; x_wconf 88' lang='grc' dir='ltr'><em>καὶ</em></span> <span class='ocrx_word' id='word_1_18' title='bbox 544 513 687 602; x_wconf 92' lang='grc' dir='ltr'><em>μάλιστα</em></span> <span class='ocrx_word' id='word_1_19' title='bbox 709 525 769 606; x_wconf 85' lang='grc' dir='ltr'><em>τῆς</em></span> <span class='ocrx_word' id='word_1_20' title='bbox 790 511 877 583; x_wconf 84' lang='grc' dir='ltr'><em>κατὰ</em></span> <span class='ocrx_word' id='word_1_21' title='bbox 895 511 957 605; x_wconf 81' lang='grc' dir='ltr'><em>τὴν</em></span> <span class='ocrx_word' id='word_1_22' title='bbox 974 511 1169 604; x_wconf 73' lang='grc' dir='ltr'><em>Ἀμάλθειαν</em></span> <span class='ocrx_word' id='word_1_23' title='bbox 1187 521 1244 603; x_wconf 86' lang='grc' dir='ltr'><em>φέ-</em></span> 
     </span>
     <span class='ocr_line' id='line_1_4' title="bbox 67 617 1245 713; baseline 0.001 -23"><span class='ocrx_word' id='word_1_24' title='bbox 67 648 165 710; x_wconf 92' lang='grc' dir='ltr'><em>ρεται</em></span> <span class='ocrx_word' id='word_1_25' title='bbox 179 626 237 690; x_wconf 87' lang='grc' dir='ltr'><em>καὶ</em></span> <span class='ocrx_word' id='word_1_26' title='bbox 251 625 414 712; x_wconf 79' lang='grc' dir='ltr'><em>παροιμία</em></span> <span class='ocrx_word' id='word_1_27' title='bbox 427 617 468 690; x_wconf 87' lang='grc' dir='ltr'><em>τὸ</em></span> <span class='ocrx_word' id='word_1_28' title='bbox 482 624 558 705; x_wconf 66' lang='lat' dir='ltr'>„aig</span> <span class='ocrx_word' id='word_1_29' title='bbox 571 617 734 711; x_wconf 72' lang='lat' dir='ltr'>osioovia“</span> <span class='ocrx_word' id='word_1_30' title='bbox 743 627 769 712; x_wconf 84' lang='lat'><em>¹)</em></span> <span class='ocrx_word' id='word_1_31' title='bbox 789 619 888 711; x_wconf 83' lang='grc' dir='ltr'><em>ὁμοία</em></span> <span class='ocrx_word' id='word_1_32' title='bbox 906 633 957 711; x_wconf 80' lang='grc' dir='ltr'><em>τοῦ</em></span> <span class='ocrx_word' id='word_1_33' title='bbox 969 618 1092 712; x_wconf 71' lang='grc' dir='ltr'><em>,λευκὴ</em></span> <span class='ocrx_word' id='word_1_34' title='bbox 1110 634 1245 713; x_wconf 53' lang='grc' dir='ltr'><em>ψῆφοςίί</em></span> 
     </span>
     <span class='ocr_line' id='line_1_5' title="bbox 68 721 1245 820; baseline 0 -24"><span class='ocrx_word' id='word_1_35' title='bbox 68 723 172 797; x_wconf 82' lang='grc' dir='ltr'><em>κατὰ</em></span> <span class='ocrx_word' id='word_1_36' title='bbox 198 733 447 811; x_wconf 80' lang='grc' dir='ltr'><em>Παυσανίαν,</em></span> <span class='ocrx_word' id='word_1_37' title='bbox 475 722 522 809; x_wconf 81' lang='grc' dir='ltr'><em>σός</em></span> <span class='ocrx_word' id='word_1_38' title='bbox 548 723 610 817; x_wconf 83' lang='grc' dir='ltr'><em>γάρ</em></span> <span class='ocrx_word' id='word_1_39' title='bbox 633 724 826 816; x_wconf 89' lang='grc' dir='ltr'><em>Ἀμάλθειά,</em></span> <span class='ocrx_word' id='word_1_40' title='bbox 849 749 945 818; x_wconf 91' lang='grc' dir='ltr'><em>φησι,</em></span> <span class='ocrx_word' id='word_1_41' title='bbox 967 724 1095 819; x_wconf 87' lang='grc' dir='ltr'><em>τροφός</em></span> <span class='ocrx_word' id='word_1_42' title='bbox 1117 721 1159 820; x_wconf 82' lang='grc' dir='ltr'><em>ἦν</em></span> <span class='ocrx_word' id='word_1_43' title='bbox 1182 739 1245 799; x_wconf 91' lang='grc' dir='ltr'><em>τοῦ</em></span> 
     </span>
     <span class='ocr_line' id='line_1_6' title="bbox 69 829 1284 926; baseline 0.002 -22"><span class='ocrx_word' id='word_1_44' title='bbox 69 831 159 920; x_wconf 82' lang='grc' dir='ltr'><em>Διὸς,</em></span> <span class='ocrx_word' id='word_1_45' title='bbox 183 829 275 904; x_wconf 72' lang='grc' dir='ltr'><em>οὕτω</em></span> <span class='ocrx_word' id='word_1_46' title='bbox 298 840 356 904; x_wconf 91' lang='grc' dir='ltr'><em>καὶ</em></span> <span class='ocrx_word' id='word_1_47' title='bbox 377 831 397 925; x_wconf 79' lang='grc' dir='ltr'><strong><em>ἡ</em></strong></span> <span class='ocrx_word' id='word_1_48' title='bbox 420 834 559 924; x_wconf 83' lang='grc' dir='ltr'><em>τοιαύτη</em></span> <span class='ocrx_word' id='word_1_49' title='bbox 582 846 696 924; x_wconf 87' lang='grc' dir='ltr'><em>ψῆφος</em></span> <span class='ocrx_word' id='word_1_50' title='bbox 720 835 839 924; x_wconf 87' lang='grc' dir='ltr'><em>ἴτρεφε</em></span> <span class='ocrx_word' id='word_1_51' title='bbox 861 831 941 916; x_wconf 81' lang='grc' dir='ltr'><em>τούς</em></span> <span class='ocrx_word' id='word_1_52' title='bbox 965 841 1245 926; x_wconf 77' lang='grc' dir='ltr'><em>δωροδοκοῦντας</em></span> <span class='ocrx_word' id='word_1_53' title='bbox 1271 859 1284 898; x_wconf 79' lang='lat'><strong>5</strong></span> 
     </span>
     <span class='ocr_line' id='line_1_7' title="bbox 70 937 1246 1032; baseline 0.002 -21"><span class='ocrx_word' id='word_1_54' title='bbox 70 942 244 1023; x_wconf 89' lang='grc' dir='ltr'><em>δικαστάς·</em></span> <span class='ocrx_word' id='word_1_55' title='bbox 277 937 299 1031; x_wconf 79' lang='grc' dir='ltr'>ἢ</span> <span class='ocrx_word' id='word_1_56' title='bbox 326 946 383 1010; x_wconf 84' lang='grc' dir='ltr'><em>καὶ</em></span> <span class='ocrx_word' id='word_1_57' title='bbox 410 938 553 1022; x_wconf 87' lang='grc' dir='ltr'><em>άλλως·</em></span> <span class='ocrx_word' id='word_1_58' title='bbox 588 937 702 1031; x_wconf 83' lang='grc' dir='ltr'><em>οόσπερ</em></span> <span class='ocrx_word' id='word_1_59' title='bbox 732 937 750 1011; x_wconf 86' lang='grc' dir='ltr'><em>ό</em></span> <span class='ocrx_word' id='word_1_60' title='bbox 779 937 819 1011; x_wconf 86' lang='grc' dir='ltr'><em>τό</em></span> <span class='ocrx_word' id='word_1_61' title='bbox 847 952 905 1032; x_wconf 82' lang='grc' dir='ltr'><em>τῆς</em></span> <span class='ocrx_word' id='word_1_62' title='bbox 926 939 1120 1030; x_wconf 72' lang='grc' dir='ltr'><em>Ἀμαλθείας</em></span> <span class='ocrx_word' id='word_1_63' title='bbox 1142 939 1246 1032; x_wconf 81' lang='grc' dir='ltr'><em>Αἰγὸς</em></span> 
     </span>
     <span class='ocr_line' id='line_1_8' title="bbox 70 1043 1245 1140; baseline 0.003 -24"><span class='ocrx_word' id='word_1_64' title='bbox 70 1049 159 1137; x_wconf 80' lang='grc' dir='ltr'><em>ἔχων</em></span> <span class='ocrx_word' id='word_1_65' title='bbox 181 1052 281 1138; x_wconf 89' lang='grc' dir='ltr'><em>κέρας</em></span> <span class='ocrx_word' id='word_1_66' title='bbox 303 1043 409 1118; x_wconf 78' lang='grc' dir='ltr'><em>πάντ’</em></span> <span class='ocrx_word' id='word_1_67' title='bbox 428 1048 524 1136; x_wconf 74' lang='grc' dir='ltr'><em>εἶχεν,</em></span> <span class='ocrx_word' id='word_1_68' title='bbox 548 1043 640 1116; x_wconf 80' lang='grc' dir='ltr'><em>οότω</em></span> <span class='ocrx_word' id='word_1_69' title='bbox 659 1053 716 1117; x_wconf 89' lang='grc' dir='ltr'><em>καὶ</em></span> <span class='ocrx_word' id='word_1_70' title='bbox 739 1049 772 1117; x_wconf 82' lang='grc' dir='ltr'><em>οἴ</em></span> <span class='ocrx_word' id='word_1_71' title='bbox 795 1048 1030 1136; x_wconf 82' lang='grc' dir='ltr'><em>κυαμεύοντές,</em></span> <span class='ocrx_word' id='word_1_72' title='bbox 1054 1071 1163 1140; x_wconf 92' lang='grc' dir='ltr'><em>φησι,</em></span> <span class='ocrx_word' id='word_1_73' title='bbox 1185 1045 1245 1131; x_wconf 81' lang='grc' dir='ltr'><em>τὰς</em></span> 
     </span>
     <span class='ocr_line' id='line_1_9' title="bbox 72 1146 1245 1246; baseline 0.001 -22"><span class='ocrx_word' id='word_1_74' title='bbox 72 1151 176 1246; x_wconf 81' lang='grc' dir='ltr'><em>ἀρχάς</em></span> <span class='ocrx_word' id='word_1_75' title='bbox 208 1160 265 1224; x_wconf 87' lang='grc' dir='ltr'><em>καὶ</em></span> <span class='ocrx_word' id='word_1_76' title='bbox 296 1146 403 1224; x_wconf 81' lang='grc' dir='ltr'><em>τᾶλλα</em></span> <span class='ocrx_word' id='word_1_77' title='bbox 436 1150 704 1244; x_wconf 82' lang='grc' dir='ltr'><em>άργυριζόμενοι·</em></span> <span class='ocrx_word' id='word_1_78' title='bbox 739 1150 790 1224; x_wconf 86' lang='grc' dir='ltr'><em>διό</em></span> <span class='ocrx_word' id='word_1_79' title='bbox 820 1160 876 1224; x_wconf 90' lang='grc' dir='ltr'><em>καὶ</em></span> <span class='ocrx_word' id='word_1_80' title='bbox 904 1159 959 1240; x_wconf 77' lang='grc' dir='ltr'><em>αἴξ</em></span> <span class='ocrx_word' id='word_1_81' title='bbox 986 1152 1127 1244; x_wconf 84' lang='grc' dir='ltr'><em>οόρανία</em></span> <span class='ocrx_word' id='word_1_82' title='bbox 1156 1157 1245 1226; x_wconf 83' lang='grc' dir='ltr'><em>ἴοικε</em></span> 
     </span>
     <span class='ocr_line' id='line_1_10' title="bbox 70 1257 1245 1353; baseline 0.003 -23"><span class='ocrx_word' id='word_1_83' title='bbox 70 1266 231 1350; x_wconf 89' lang='grc' dir='ltr'><em>λέγεσθαι</em></span> <span class='ocrx_word' id='word_1_84' title='bbox 260 1262 366 1331; x_wconf 81' lang='grc' dir='ltr'><em>οἱονεὶ</em></span> <span class='ocrx_word' id='word_1_85' title='bbox 392 1265 472 1331; x_wconf 90' lang='grc' dir='ltr'><em>θεία</em></span> <span class='ocrx_word' id='word_1_86' title='bbox 500 1266 556 1330; x_wconf 82' lang='grc' dir='ltr'><em>καί</em></span> <span class='ocrx_word' id='word_1_87' title='bbox 585 1258 719 1349; x_wconf 80' lang='grc' dir='ltr'><em>ὑψοῦσα</em></span> <span class='ocrx_word' id='word_1_88' title='bbox 746 1257 826 1343; x_wconf 79' lang='grc' dir='ltr'><em>τούς</em></span> <span class='ocrx_word' id='word_1_89' title='bbox 854 1258 1025 1347; x_wconf 84' lang='grc' dir='ltr'><em>δικαστάς,</em></span> <span class='ocrx_word' id='word_1_90' title='bbox 1053 1257 1129 1332; x_wconf 89' lang='grc' dir='ltr'><em>όσοι</em></span> <span class='ocrx_word' id='word_1_91' title='bbox 1153 1269 1245 1353; x_wconf 80' lang='grc' dir='ltr'><em>δῶρα</em></span> 
     </span>
     <span class='ocr_line' id='line_1_11' title="bbox 71 1369 1284 1456; baseline -0.006 -18"><span class='ocrx_word' id='word_1_92' title='bbox 71 1369 270 1456; x_wconf 79' lang='grc' dir='ltr'><em>ἐλάμβανον.</em></span> <span class='ocrx_word' id='word_1_93' title='bbox 314 1439 318 1446; x_wconf 65' lang='grc'><em>,</em></span> <span class='ocrx_word' id='word_1_94' title='bbox 1259 1393 1284 1431; x_wconf 82' lang='grc' dir='ltr'><em>ιο</em></span> 
     </span>
    </p>

    <p class='ocr_par' dir='ltr' id='par_1_3' title="bbox 70 1470 1244 1672">
     <span class='ocr_line' id='line_1_12' title="bbox 163 1470 1244 1565; baseline 0.001 -22"><span class='ocrx_word' id='word_1_95' title='bbox 163 1479 214 1544; x_wconf 83' lang='grc'><em>23.</em></span> <span class='ocrx_word' id='word_1_96' title='bbox 241 1477 417 1545; x_wconf 82' lang='lat' dir='ltr'>Eusiaih.</span> <span class='ocrx_word' id='word_1_97' title='bbox 436 1501 466 1562; x_wconf 90' lang='lat' dir='ltr'><em>p.</em></span> <span class='ocrx_word' id='word_1_98' title='bbox 486 1479 560 1556; x_wconf 83' lang='lat'><strong>389,</strong></span> <span class='ocrx_word' id='word_1_99' title='bbox 580 1479 633 1545; x_wconf 89' lang='lat'><strong>42.</strong></span> <span class='ocrx_word' id='word_1_100' title='bbox 663 1470 715 1545; x_wconf 81' lang='grc' dir='ltr'><em>ότι</em></span> <span class='ocrx_word' id='word_1_101' title='bbox 740 1479 775 1544; x_wconf 76' lang='grc' dir='ltr'><em>δὲ</em></span> <span class='ocrx_word' id='word_1_102' title='bbox 799 1475 961 1565; x_wconf 55' lang='lat' dir='ltr'>azotum)</span> <span class='ocrx_word' id='word_1_103' title='bbox 985 1481 1042 1545; x_wconf 88' lang='grc' dir='ltr'><em>καὶ</em></span> <span class='ocrx_word' id='word_1_104' title='bbox 1066 1471 1120 1546; x_wconf 86' lang='grc' dir='ltr'><em>διά</em></span> <span class='ocrx_word' id='word_1_105' title='bbox 1143 1485 1205 1546; x_wconf 91' lang='grc' dir='ltr'><em>τοῦ</em></span> <span class='ocrx_word' id='word_1_106' title='bbox 1228 1489 1244 1544; x_wconf 77' lang='grc' dir='ltr'><em>ε</em></span> 
     </span>
     <span class='ocr_line' id='line_1_13' title="bbox 70 1575 1000 1672; baseline 0.003 -23"><span class='ocrx_word' id='word_1_107' title='bbox 70 1589 175 1670; x_wconf 80' lang='grc' dir='ltr'><em>ψιλοῦ</em></span> <span class='ocrx_word' id='word_1_108' title='bbox 199 1581 264 1670; x_wconf 83' lang='grc' dir='ltr'><em>ἴχει</em></span> <span class='ocrx_word' id='word_1_109' title='bbox 286 1575 350 1671; x_wconf 77' lang='grc' dir='ltr'><em>τὴν</em></span> <span class='ocrx_word' id='word_1_110' title='bbox 373 1577 552 1671; x_wconf 85' lang='grc' dir='ltr'><em>άρχονσαν,</em></span> <span class='ocrx_word' id='word_1_111' title='bbox 576 1578 623 1663; x_wconf 79' lang='grc' dir='ltr'><em>σός</em></span> <span class='ocrx_word' id='word_1_112' title='bbox 646 1587 743 1672; x_wconf 81' lang='grc' dir='ltr'><em>δηλοῖ</em></span> <span class='ocrx_word' id='word_1_113' title='bbox 766 1577 807 1651; x_wconf 86' lang='grc' dir='ltr'><em>οῦ</em></span> <span class='ocrx_word' id='word_1_114' title='bbox 830 1578 1000 1669; x_wconf 78' lang='grc' dir='ltr'><em>μόνοντὰ</em></span> 
     </span>
    </p>

    <p class='ocr_par' dir='ltr' id='par_1_4' title="bbox 69 1687 1285 2098">
     <span class='ocr_line' id='line_1_14' title="bbox 161 1687 1172 1780; baseline 0 -24"><span class='ocrx_word' id='word_1_115' title='bbox 161 1695 322 1768; x_wconf 89' lang='grc' dir='ltr'><em>πλεκταῖς</em></span> <span class='ocrx_word' id='word_1_116' title='bbox 345 1687 465 1778; x_wconf 80' lang='grc' dir='ltr'><em>ἐώραις</em></span> <span class='ocrx_word' id='word_1_117' title='bbox 488 1690 760 1778; x_wconf 78' lang='grc' dir='ltr'><em>ἐμπεπλεγμένην</em></span> <span class='ocrx_word' id='word_1_118' title='bbox 783 1691 893 1780; x_wconf 86' lang='lat' dir='ltr'><strong>(Soph.</strong></span> <span class='ocrx_word' id='word_1_119' title='bbox 912 1693 989 1759; x_wconf 85' lang='lat' dir='ltr'><strong>Oed.</strong></span> <span class='ocrx_word' id='word_1_120' title='bbox 1008 1693 1042 1757; x_wconf 85' lang='lat' dir='ltr'><strong>T.</strong></span> <span class='ocrx_word' id='word_1_121' title='bbox 1063 1693 1172 1778; x_wconf 82' lang='lat'><strong>1264.)</strong></span> 
     </span>
     <span class='ocr_line' id='line_1_15' title="bbox 70 1788 1243 1883; baseline 0.002 -21"><span class='ocrx_word' id='word_1_122' title='bbox 70 1788 159 1862; x_wconf 82' lang='grc' dir='ltr'><em>άλλά</em></span> <span class='ocrx_word' id='word_1_123' title='bbox 181 1799 239 1862; x_wconf 88' lang='grc' dir='ltr'><em>καὶ</em></span> <span class='ocrx_word' id='word_1_124' title='bbox 260 1789 300 1863; x_wconf 83' lang='grc' dir='ltr'><em>τό</em></span> <span class='ocrx_word' id='word_1_125' title='bbox 324 1797 506 1883; x_wconf 88' lang='grc' dir='ltr'><em>μετέωρος,</em></span> <span class='ocrx_word' id='word_1_126' title='bbox 535 1795 643 1883; x_wconf 72' lang='grc' dir='ltr'><em>ἕτεροι</em></span> <span class='ocrx_word' id='word_1_127' title='bbox 672 1796 1006 1883; x_wconf 76' lang='grc' dir='ltr'><em>έπαγωνιζέσθωσαν.</em></span> <span class='ocrx_word' id='word_1_128' title='bbox 1041 1789 1094 1864; x_wconf 88' lang='grc' dir='ltr'><em>ότι</em></span> <span class='ocrx_word' id='word_1_129' title='bbox 1124 1798 1160 1864; x_wconf 80' lang='grc' dir='ltr'><em>δὲ</em></span> <span class='ocrx_word' id='word_1_130' title='bbox 1187 1801 1243 1864; x_wconf 84' lang='grc' dir='ltr'><em>καί</em></span> 
     </span>
     <span class='ocr_line' id='line_1_16' title="bbox 70 1896 1285 1993; baseline 0.003 -27"><span class='ocrx_word' id='word_1_131' title='bbox 70 1898 194 1988; x_wconf 86' lang='grc' dir='ltr'><em>κύριόν</em></span> <span class='ocrx_word' id='word_1_132' title='bbox 217 1901 307 1969; x_wconf 79' lang='grc' dir='ltr'><em>ἐστιν</em></span> <span class='ocrx_word' id='word_1_133' title='bbox 330 1897 438 1988; x_wconf 89' lang='grc' dir='ltr'><em>όνομα</em></span> <span class='ocrx_word' id='word_1_134' title='bbox 460 1897 481 1990; x_wconf 79' lang='grc' dir='ltr'><em>ἡ</em></span> <span class='ocrx_word' id='word_1_135' title='bbox 504 1901 640 1990; x_wconf 85' lang='grc' dir='ltr'><em>Αἴοόρα</em></span> <span class='ocrx_word' id='word_1_136' title='bbox 662 1896 821 1989; x_wconf 88' lang='grc' dir='ltr'><em>γυναικός</em></span> <span class='ocrx_word' id='word_1_137' title='bbox 850 1898 1081 1993; x_wconf 78' lang='grc' dir='ltr'><em>άπαγξαμένης</em></span> <span class='ocrx_word' id='word_1_138' title='bbox 1109 1907 1164 1971; x_wconf 84' lang='grc' dir='ltr'><em>καί</em></span> <span class='ocrx_word' id='word_1_139' title='bbox 1190 1897 1243 1971; x_wconf 84' lang='grc' dir='ltr'><em>διὰ</em></span> <span class='ocrx_word' id='word_1_140' title='bbox 1259 1920 1285 1960; x_wconf 78' lang='lat'><em>15</em></span> 
     </span>
     <span class='ocr_line' id='line_1_17' title="bbox 69 2001 1047 2098; baseline 0.003 -24"><span class='ocrx_word' id='word_1_141' title='bbox 69 2009 106 2074; x_wconf 87' lang='grc' dir='ltr'><em>τί</em></span> <span class='ocrx_word' id='word_1_142' title='bbox 129 2001 360 2096; x_wconf 81' lang='grc' dir='ltr'><em>άπαγξαμένης</em></span> <span class='ocrx_word' id='word_1_143' title='bbox 382 2002 422 2075; x_wconf 85' lang='grc' dir='ltr'><em>τό</em></span> <span class='ocrx_word' id='word_1_144' title='bbox 445 2018 508 2076; x_wconf 93' lang='grc' dir='ltr'><em>τοῦ</em></span> <span class='ocrx_word' id='word_1_145' title='bbox 531 2012 763 2077; x_wconf 83' lang='grc' dir='ltr'><em>Παυσανίου</em></span> <span class='ocrx_word' id='word_1_146' title='bbox 788 2014 885 2098; x_wconf 87' lang='grc' dir='ltr'><em>δηλοῖ</em></span> <span class='ocrx_word' id='word_1_147' title='bbox 905 2009 1047 2093; x_wconf 75' lang='grc' dir='ltr'><em>λεξικόν.</em></span> 
     </span>
    </p>

    <p class='ocr_par' dir='ltr' id='par_1_5' title="bbox 71 2110 1244 2314">
     <span class='ocr_line' id='line_1_18' title="bbox 163 2110 1244 2206; baseline 0.003 -26"><span class='ocrx_word' id='word_1_148' title='bbox 163 2116 215 2182; x_wconf 90' lang='lat'><strong>24.</strong></span> <span class='ocrx_word' id='word_1_149' title='bbox 247 2117 420 2183; x_wconf 85' lang='lat' dir='ltr'>Eustath.</span> <span class='ocrx_word' id='word_1_150' title='bbox 440 2140 469 2202; x_wconf 92' lang='lat' dir='ltr'><em>p.</em></span> <span class='ocrx_word' id='word_1_151' title='bbox 489 2118 568 2194; x_wconf 82' lang='lat'><strong>823,</strong></span> <span class='ocrx_word' id='word_1_152' title='bbox 589 2118 640 2184; x_wconf 85' lang='lat'><em>28.</em></span> <span class='ocrx_word' id='word_1_153' title='bbox 674 2117 787 2205; x_wconf 91' lang='grc' dir='ltr'><em>αἴγλη</em></span> <span class='ocrx_word' id='word_1_154' title='bbox 815 2111 856 2184; x_wconf 84' lang='grc' dir='ltr'><em>οῦ</em></span> <span class='ocrx_word' id='word_1_155' title='bbox 883 2114 991 2203; x_wconf 94' lang='grc' dir='ltr'><em>μόνον</em></span> <span class='ocrx_word' id='word_1_156' title='bbox 1013 2113 1033 2205; x_wconf 81' lang='grc' dir='ltr'><em>ἦ</em></span> <span class='ocrx_word' id='word_1_157' title='bbox 1057 2110 1244 2206; x_wconf 83' lang='grc' dir='ltr'><em>λαμπηδσδν</em></span> 
     </span>
     <span class='ocr_line' id='line_1_19' title="bbox 71 2215 1244 2314; baseline 0.001 -26"><span class='ocrx_word' id='word_1_158' title='bbox 71 2215 159 2288; x_wconf 85' lang='grc' dir='ltr'><em>άλλόι</em></span> <span class='ocrx_word' id='word_1_159' title='bbox 182 2225 238 2288; x_wconf 80' lang='grc' dir='ltr'><em>καὶ</em></span> <span class='ocrx_word' id='word_1_160' title='bbox 262 2220 423 2290; x_wconf 90' lang='grc' dir='ltr'><em>ποπάνου</em></span> <span class='ocrx_word' id='word_1_161' title='bbox 447 2220 534 2301; x_wconf 81' lang='grc' dir='ltr'><em>εἶδος</em></span> <span class='ocrx_word' id='word_1_162' title='bbox 561 2217 648 2289; x_wconf 86' lang='grc' dir='ltr'><em>κατά</em></span> <span class='ocrx_word' id='word_1_163' title='bbox 671 2226 955 2314; x_wconf 60' lang='grc' dir='ltr'><em>Παυσανίανῐ),</em></span> <span class='ocrx_word' id='word_1_164' title='bbox 983 2227 1040 2291; x_wconf 89' lang='grc' dir='ltr'><em>καὶ</em></span> <span class='ocrx_word' id='word_1_165' title='bbox 1066 2227 1171 2292; x_wconf 87' lang='grc' dir='ltr'><em>θυσία</em></span> <span class='ocrx_word' id='word_1_166' title='bbox 1193 2248 1244 2303; x_wconf 86' lang='grc' dir='ltr'><em>τις</em></span> 
     </span>
    </p>
   </div>
   <div class='ocr_carea' id='block_1_3' title="bbox 70 2418 1315 4448">
    <p class='ocr_par' dir='ltr' id='par_1_6' title="bbox 70 2418 1246 2579">
     <span class='ocr_line' id='line_1_20' title="bbox 71 2418 1246 2489; baseline -0.001 -15"><span class='ocrx_word' id='word_1_167' title='bbox 71 2418 207 2474; x_wconf 84' lang='lat' dir='ltr'>referunt.</span> <span class='ocrx_word' id='word_1_168' title='bbox 236 2419 371 2475; x_wconf 77' lang='lat' dir='ltr'>Doctrina</span> <span class='ocrx_word' id='word_1_169' title='bbox 391 2420 480 2475; x_wconf 84' lang='lat' dir='ltr'>allata</span> <span class='ocrx_word' id='word_1_170' title='bbox 499 2418 642 2489; x_wconf 82' lang='lat' dir='ltr'><strong>conspirat</strong></span> <span class='ocrx_word' id='word_1_171' title='bbox 660 2437 722 2476; x_wconf 93' lang='lat' dir='ltr'><em>oum</em></span> <span class='ocrx_word' id='word_1_172' title='bbox 741 2419 786 2476; x_wconf 85' lang='lat' dir='ltr'><em>Et.</em></span> <span class='ocrx_word' id='word_1_173' title='bbox 806 2421 843 2475; x_wconf 89' lang='lat' dir='ltr'><em>M.</em></span> <span class='ocrx_word' id='word_1_174' title='bbox 863 2421 911 2488; x_wconf 86' lang='grc'><em>36,</em></span> <span class='ocrx_word' id='word_1_175' title='bbox 932 2423 973 2488; x_wconf 89' lang='grc'><em>19,</em></span> <span class='ocrx_word' id='word_1_176' title='bbox 993 2422 1043 2476; x_wconf 87' lang='lat' dir='ltr'><em>sed</em></span> <span class='ocrx_word' id='word_1_177' title='bbox 1061 2421 1103 2475; x_wconf 90' lang='lat' dir='ltr'>ita</span> <span class='ocrx_word' id='word_1_178' title='bbox 1120 2424 1152 2474; x_wconf 89' lang='lat' dir='ltr'><em>ut</em></span> <span class='ocrx_word' id='word_1_179' title='bbox 1170 2421 1246 2476; x_wconf 87' lang='lat' dir='ltr'>Aelii</span> 
     </span>
     <span class='ocr_line' id='line_1_21' title="bbox 70 2508 556 2579; baseline 0 -15"><span class='ocrx_word' id='word_1_180' title='bbox 70 2508 201 2579; x_wconf 87' lang='lat' dir='ltr'>Dionysii</span> <span class='ocrx_word' id='word_1_181' title='bbox 222 2509 309 2564; x_wconf 82' lang='lat' dir='ltr'>verba</span> <span class='ocrx_word' id='word_1_182' title='bbox 326 2509 473 2564; x_wconf 89' lang='lat' dir='ltr'>subiuncta</span> <span class='ocrx_word' id='word_1_183' title='bbox 493 2508 556 2564; x_wconf 89' lang='lat' dir='ltr'>sint.</span> 
     </span>
    </p>

    <p class='ocr_par' dir='ltr' id='par_1_7' title="bbox 118 2594 1245 2669">
     <span class='ocr_line' id='line_1_22' title="bbox 118 2594 1245 2669; baseline 0 -16"><span class='ocrx_word' id='word_1_184' title='bbox 118 2599 162 2653; x_wconf 84' lang='lat'><strong>22.</strong></span> <span class='ocrx_word' id='word_1_185' title='bbox 183 2599 204 2666; x_wconf 87' lang='lat'><em>¹)</em></span> <span class='ocrx_word' id='word_1_186' title='bbox 222 2597 377 2654; x_wconf 78' lang='lat' dir='ltr'>Pausanias</span> <span class='ocrx_word' id='word_1_187' title='bbox 395 2600 433 2653; x_wconf 85' lang='lat' dir='ltr'>ad</span> <span class='ocrx_word' id='word_1_188' title='bbox 451 2597 559 2654; x_wconf 78' lang='lat' dir='ltr'>Cratini</span> <span class='ocrx_word' id='word_1_189' title='bbox 577 2598 667 2653; x_wconf 91' lang='lat' dir='ltr'>looum</span> <span class='ocrx_word' id='word_1_190' title='bbox 687 2597 782 2653; x_wconf 83' lang='lat' dir='ltr'>allusit</span> <span class='ocrx_word' id='word_1_191' title='bbox 799 2598 873 2668; x_wconf 86' lang='lat' dir='ltr'>apud</span> <span class='ocrx_word' id='word_1_192' title='bbox 892 2596 966 2653; x_wconf 87' lang='lat' dir='ltr'>Suid.</span> <span class='ocrx_word' id='word_1_193' title='bbox 980 2614 1002 2654; x_wconf 88' lang='lat' dir='ltr'><em>s.</em></span> <span class='ocrx_word' id='word_1_194' title='bbox 1017 2615 1041 2654; x_wconf 85' lang='lat' dir='ltr'><strong>v.</strong></span> <span class='ocrx_word' id='word_1_195' title='bbox 1061 2594 1108 2664; x_wconf 85' lang='grc' dir='ltr'><em>αἴξ</em></span> <span class='ocrx_word' id='word_1_196' title='bbox 1127 2595 1245 2669; x_wconf 83' lang='grc' dir='ltr'><em>οὐρανία</em></span> 
     </span>
    </p>

    <p class='ocr_par' dir='ltr' id='par_1_8' title="bbox 70 2686 861 2757">
     <span class='ocr_line' id='line_1_23' title="bbox 70 2686 861 2757; baseline -0.001 -14"><span class='ocrx_word' id='word_1_197' title='bbox 70 2691 214 2744; x_wconf 80' lang='lat' dir='ltr'>servatum</span> <span class='ocrx_word' id='word_1_198' title='bbox 233 2687 389 2757; x_wconf 80' lang='grc' dir='ltr'><em>(Χείρωσιν</em></span> <span class='ocrx_word' id='word_1_199' title='bbox 407 2686 441 2741; x_wconf 83' lang='lat' dir='ltr'><em>fr.</em></span> <span class='ocrx_word' id='word_1_200' title='bbox 456 2687 517 2742; x_wconf 88' lang='grc'><em>244.</em></span> <span class='ocrx_word' id='word_1_201' title='bbox 536 2687 616 2742; x_wconf 89' lang='lat' dir='ltr'>Kook</span> <span class='ocrx_word' id='word_1_202' title='bbox 635 2687 669 2742; x_wconf 86' lang='lat' dir='ltr'><strong>cf.</strong></span> <span class='ocrx_word' id='word_1_203' title='bbox 685 2688 764 2742; x_wconf 87' lang='lat' dir='ltr'>Phot.</span> <span class='ocrx_word' id='word_1_204' title='bbox 783 2703 804 2743; x_wconf 87' lang='lat' dir='ltr'><em>s.</em></span> <span class='ocrx_word' id='word_1_205' title='bbox 825 2687 861 2756; x_wconf 86' lang='lat' dir='ltr'><strong>v.)</strong></span> 
     </span>
    </p>

    <p class='ocr_par' dir='ltr' id='par_1_9' title="bbox 233 2766 927 2847">
     <span class='ocr_line' id='line_1_24' title="bbox 233 2766 927 2847; baseline -0.001 -17"><span class='ocrx_word' id='word_1_206' title='bbox 233 2771 371 2847; x_wconf 84' lang='grc' dir='ltr'><em>καθάπερ</em></span> <span class='ocrx_word' id='word_1_207' title='bbox 389 2779 441 2830; x_wconf 91' lang='grc' dir='ltr'><em>τοῦ</em></span> <span class='ocrx_word' id='word_1_208' title='bbox 460 2769 526 2839; x_wconf 85' lang='grc' dir='ltr'><em>Διός</em></span> <span class='ocrx_word' id='word_1_209' title='bbox 545 2766 612 2846; x_wconf 82' lang='grc' dir='ltr'><em>αἶγα</em></span> <span class='ocrx_word' id='word_1_210' title='bbox 627 2770 795 2844; x_wconf 80' lang='grc' dir='ltr'><em>Ἀμάλθειαν</em></span> <span class='ocrx_word' id='word_1_211' title='bbox 817 2770 927 2846; x_wconf 85' lang='grc' dir='ltr'><em>τροφὸν</em></span> 
     </span>
    </p>

    <p class='ocr_par' dir='ltr' id='par_1_10' title="bbox 71 2854 1245 3112">
     <span class='ocr_line' id='line_1_25' title="bbox 235 2854 879 2935; baseline -0.005 -15"><span class='ocrx_word' id='word_1_212' title='bbox 235 2854 310 2920; x_wconf 77' lang='grc' dir='ltr'><em>σάτω</em></span> <span class='ocrx_word' id='word_1_213' title='bbox 328 2866 377 2919; x_wconf 85' lang='grc' dir='ltr'><em>καί</em></span> <span class='ocrx_word' id='word_1_214' title='bbox 395 2858 635 2935; x_wconf 82' lang='grc' dir='ltr'><em>δωροδοκούντων</em></span> <span class='ocrx_word' id='word_1_215' title='bbox 654 2857 715 2935; x_wconf 79' lang='grc' dir='ltr'><em>σῖγ’</em></span> <span class='ocrx_word' id='word_1_216' title='bbox 735 2859 879 2935; x_wconf 78' lang='grc' dir='ltr'><em>οὐρανίαν.</em></span> 
     </span>
     <span class='ocr_line' id='line_1_26' title="bbox 71 2947 1245 3024; baseline -0.001 -15"><span class='ocrx_word' id='word_1_217' title='bbox 71 2957 118 3009; x_wconf 87' lang='lat' dir='ltr'><em>An</em></span> <span class='ocrx_word' id='word_1_218' title='bbox 131 2953 188 3009; x_wconf 87' lang='lat' dir='ltr'>loci</span> <span class='ocrx_word' id='word_1_219' title='bbox 200 2953 274 3008; x_wconf 83' lang='lat' dir='ltr'>Suid.</span> <span class='ocrx_word' id='word_1_220' title='bbox 287 2954 353 3009; x_wconf 90' lang='lat' dir='ltr'><em>Hes.</em></span> <span class='ocrx_word' id='word_1_221' title='bbox 367 2969 388 3008; x_wconf 90' lang='lat' dir='ltr'><em>s.</em></span> <span class='ocrx_word' id='word_1_222' title='bbox 402 2969 426 3008; x_wconf 85' lang='lat' dir='ltr'><strong>v.</strong></span> <span class='ocrx_word' id='word_1_223' title='bbox 440 2950 487 3018; x_wconf 84' lang='grc' dir='ltr'><em>αἴξ</em></span> <span class='ocrx_word' id='word_1_224' title='bbox 502 2947 628 3024; x_wconf 80' lang='grc' dir='ltr'><em>οὐρανία,</em></span> <span class='ocrx_word' id='word_1_225' title='bbox 650 2948 770 3024; x_wconf 79' lang='grc' dir='ltr'><em>οὐρανία</em></span> <span class='ocrx_word' id='word_1_226' title='bbox 789 2947 844 3021; x_wconf 83' lang='grc' dir='ltr'><em>αἴξ,</em></span> <span class='ocrx_word' id='word_1_227' title='bbox 863 2953 966 3008; x_wconf 89' lang='lat' dir='ltr'>Zenob.</span> <span class='ocrx_word' id='word_1_228' title='bbox 980 2953 1001 3007; x_wconf 90' lang='grc' dir='ltr'><em>Ι.</em></span> <span class='ocrx_word' id='word_1_229' title='bbox 1014 2953 1056 3008; x_wconf 88' lang='grc'><em>26.</em></span> <span class='ocrx_word' id='word_1_230' title='bbox 1077 2954 1165 3008; x_wconf 83' lang='lat' dir='ltr'>artius</span> <span class='ocrx_word' id='word_1_231' title='bbox 1184 2970 1245 3009; x_wconf 90' lang='lat' dir='ltr'><em>oum</em></span> 
     </span>
     <span class='ocr_line' id='line_1_27' title="bbox 72 3037 1245 3112; baseline 0 -14"><span class='ocrx_word' id='word_1_232' title='bbox 72 3041 214 3099; x_wconf 74' lang='lat' dir='ltr'>Pausania</span> <span class='ocrx_word' id='word_1_233' title='bbox 225 3043 399 3110; x_wconf 87' lang='lat' dir='ltr'>cohaereant,</span> <span class='ocrx_word' id='word_1_234' title='bbox 410 3043 573 3098; x_wconf 84' lang='lat' dir='ltr'><em>dubium.-</em></span> <span class='ocrx_word' id='word_1_235' title='bbox 581 3043 624 3096; x_wconf 91' lang='lat' dir='ltr'><em>De</em></span> <span class='ocrx_word' id='word_1_236' title='bbox 635 3037 721 3110; x_wconf 81' lang='grc' dir='ltr'><em>λευκὴ</em></span> <span class='ocrx_word' id='word_1_237' title='bbox 733 3045 832 3111; x_wconf 80' lang='grc' dir='ltr'><em>ψῆφος</em></span> <span class='ocrx_word' id='word_1_238' title='bbox 841 3041 875 3097; x_wconf 87' lang='lat' dir='ltr'><em>of.</em></span> <span class='ocrx_word' id='word_1_239' title='bbox 882 3042 961 3112; x_wconf 78' lang='lat' dir='ltr'>Diog.</span> <span class='ocrx_word' id='word_1_240' title='bbox 968 3043 1014 3097; x_wconf 92' lang='lat' dir='ltr'><strong>VI.</strong></span> <span class='ocrx_word' id='word_1_241' title='bbox 1022 3043 1046 3097; x_wconf 85' lang='grc'><em>9.</em></span> <span class='ocrx_word' id='word_1_242' title='bbox 1052 3042 1157 3097; x_wconf 86' lang='lat' dir='ltr'>Macar.</span> <span class='ocrx_word' id='word_1_243' title='bbox 1164 3043 1196 3098; x_wconf 86' lang='lat' dir='ltr'><strong>V.</strong></span> <span class='ocrx_word' id='word_1_244' title='bbox 1203 3044 1245 3098; x_wconf 80' lang='lat'><strong>57.</strong></span> 
     </span>
    </p>

    <p class='ocr_par' dir='ltr' id='par_1_11' title="bbox 71 3122 1315 3648">
     <span class='ocr_line' id='line_1_28' title="bbox 118 3122 1315 3203; baseline 0 -17"><span class='ocrx_word' id='word_1_245' title='bbox 118 3133 161 3187; x_wconf 86' lang='grc'><em>23.</em></span> <span class='ocrx_word' id='word_1_246' title='bbox 181 3133 203 3199; x_wconf 89' lang='lat'><em>¹)</em></span> <span class='ocrx_word' id='word_1_247' title='bbox 220 3132 315 3187; x_wconf 85' lang='lat' dir='ltr'>Etiam</span> <span class='ocrx_word' id='word_1_248' title='bbox 327 3130 422 3202; x_wconf 87' lang='lat' dir='ltr'>priora</span> <span class='ocrx_word' id='word_1_249' title='bbox 435 3132 470 3186; x_wconf 89' lang='lat' dir='ltr'>ad</span> <span class='ocrx_word' id='word_1_250' title='bbox 484 3131 624 3186; x_wconf 87' lang='lat' dir='ltr'>attioistas</span> <span class='ocrx_word' id='word_1_251' title='bbox 639 3131 804 3197; x_wconf 85' lang='lat' dir='ltr'>rettulerim,</span> <span class='ocrx_word' id='word_1_252' title='bbox 824 3147 887 3186; x_wconf 91' lang='lat' dir='ltr'><em>oum</em></span> <span class='ocrx_word' id='word_1_253' title='bbox 902 3133 1001 3186; x_wconf 85' lang='lat' dir='ltr'>eadem</span> <span class='ocrx_word' id='word_1_254' title='bbox 1016 3130 1141 3187; x_wconf 84' lang='lat' dir='ltr'>doctrina</span> <span class='ocrx_word' id='word_1_255' title='bbox 1156 3123 1245 3203; x_wconf 82' lang='grc' dir='ltr'><em>έδρα·</em></span> <span class='ocrx_word' id='word_1_256' title='bbox 1302 3122 1315 3143; x_wconf 79' lang='grc'><strong><em>’</em></strong></span> 
     </span>
     <span class='ocr_line' id='line_1_29' title="bbox 71 3208 1244 3292; baseline 0.002 -18"><span class='ocrx_word' id='word_1_257' title='bbox 71 3208 199 3290; x_wconf 75' lang='grc' dir='ltr'><em>ἴψωσις,</em></span> <span class='ocrx_word' id='word_1_258' title='bbox 228 3211 246 3289; x_wconf 75' lang='grc' dir='ltr'><em>ἢ</em></span> <span class='ocrx_word' id='word_1_259' title='bbox 272 3219 410 3292; x_wconf 88' lang='grc' dir='ltr'><em>μέταρσις</em></span> <span class='ocrx_word' id='word_1_260' title='bbox 432 3222 507 3290; x_wconf 89' lang='lat' dir='ltr'>apud</span> <span class='ocrx_word' id='word_1_261' title='bbox 529 3221 609 3278; x_wconf 88' lang='lat' dir='ltr'>Phot.</span> <span class='ocrx_word' id='word_1_262' title='bbox 629 3219 704 3276; x_wconf 90' lang='lat' dir='ltr'>Suid.</span> <span class='ocrx_word' id='word_1_263' title='bbox 724 3220 815 3276; x_wconf 84' lang='lat' dir='ltr'><strong>Schol.</strong></span> <span class='ocrx_word' id='word_1_264' title='bbox 835 3221 916 3290; x_wconf 83' lang='lat' dir='ltr'><strong>Soph.</strong></span> <span class='ocrx_word' id='word_1_265' title='bbox 936 3220 954 3275; x_wconf 93' lang='lat' dir='ltr'><strong>l.</strong></span> <span class='ocrx_word' id='word_1_266' title='bbox 974 3220 992 3275; x_wconf 91' lang='lat' dir='ltr'><strong>l.</strong></span> <span class='ocrx_word' id='word_1_267' title='bbox 1013 3222 1056 3275; x_wconf 87' lang='lat' dir='ltr'><em>ed.</em></span> <span class='ocrx_word' id='word_1_268' title='bbox 1075 3221 1244 3291; x_wconf 79' lang='lat' dir='ltr'>Papageorg.</span> 
     </span>
     <span class='ocr_line' id='line_1_30' title="bbox 71 3305 1245 3380; baseline 0.002 -16"><span class='ocrx_word' id='word_1_269' title='bbox 71 3327 100 3380; x_wconf 87' lang='lat' dir='ltr'><strong>p.</strong></span> <span class='ocrx_word' id='word_1_270' title='bbox 119 3310 186 3377; x_wconf 89' lang='grc'><em>208,</em></span> <span class='ocrx_word' id='word_1_271' title='bbox 205 3310 230 3364; x_wconf 87' lang='lat'><em>4.</em></span> <span class='ocrx_word' id='word_1_272' title='bbox 254 3309 331 3378; x_wconf 85' lang='lat' dir='ltr'>(Hes.</span> <span class='ocrx_word' id='word_1_273' title='bbox 356 3305 379 3365; x_wconf 85' lang='grc' dir='ltr'><em>έ.</em></span> <span class='ocrx_word' id='word_1_274' title='bbox 404 3305 500 3376; x_wconf 88' lang='grc' dir='ltr'><em>νόσος)</em></span> <span class='ocrx_word' id='word_1_275' title='bbox 523 3310 628 3365; x_wconf 83' lang='lat' dir='ltr'>Aneod.</span> <span class='ocrx_word' id='word_1_276' title='bbox 647 3311 760 3365; x_wconf 87' lang='lat' dir='ltr'>Baohm.</span> <span class='ocrx_word' id='word_1_277' title='bbox 781 3310 807 3378; x_wconf 90' lang='lat'><em>1,</em></span> <span class='ocrx_word' id='word_1_278' title='bbox 827 3311 892 3376; x_wconf 89' lang='grc'><em>246,</em></span> <span class='ocrx_word' id='word_1_279' title='bbox 912 3311 929 3365; x_wconf 90' lang='grc'><strong>6</strong></span> <span class='ocrx_word' id='word_1_280' title='bbox 952 3313 1086 3365; x_wconf 83' lang='lat' dir='ltr'>recurrat.</span> <span class='ocrx_word' id='word_1_281' title='bbox 1115 3309 1150 3366; x_wconf 85' lang='lat' dir='ltr'><em>of.</em></span> <span class='ocrx_word' id='word_1_282' title='bbox 1169 3310 1245 3366; x_wconf 86' lang='lat' dir='ltr'>Suid.</span> 
     </span>
     <span class='ocr_line' id='line_1_31' title="bbox 72 3392 1245 3469; baseline 0.002 -16"><span class='ocrx_word' id='word_1_283' title='bbox 72 3415 95 3453; x_wconf 92' lang='lat' dir='ltr'><em>s.</em></span> <span class='ocrx_word' id='word_1_284' title='bbox 115 3415 141 3452; x_wconf 86' lang='lat' dir='ltr'><strong>v.</strong></span> <span class='ocrx_word' id='word_1_285' title='bbox 162 3392 254 3469; x_wconf 85' lang='grc' dir='ltr'><em>αἰώρα</em></span> <span class='ocrx_word' id='word_1_286' title='bbox 272 3400 304 3453; x_wconf 89' lang='grc' dir='ltr'><em>Β.</em></span> <span class='ocrx_word' id='word_1_287' title='bbox 323 3400 358 3453; x_wconf 84' lang='lat' dir='ltr'><strong>A.</strong></span> <span class='ocrx_word' id='word_1_288' title='bbox 377 3399 439 3466; x_wconf 77' lang='lat'><strong>357,</strong></span> <span class='ocrx_word' id='word_1_289' title='bbox 459 3399 501 3453; x_wconf 89' lang='grc'><em>20.</em></span> <span class='ocrx_word' id='word_1_290' title='bbox 521 3428 557 3438; x_wconf 93' lang='grc'><strong>-</strong></span> <span class='ocrx_word' id='word_1_291' title='bbox 574 3399 617 3452; x_wconf 88' lang='lat' dir='ltr'>Ea</span> <span class='ocrx_word' id='word_1_292' title='bbox 636 3415 706 3468; x_wconf 86' lang='lat' dir='ltr'>quaa</span> <span class='ocrx_word' id='word_1_293' title='bbox 724 3398 802 3453; x_wconf 86' lang='lat' dir='ltr'>Euat.</span> <span class='ocrx_word' id='word_1_294' title='bbox 823 3414 858 3453; x_wconf 84' lang='lat' dir='ltr'><em>ex</em></span> <span class='ocrx_word' id='word_1_295' title='bbox 876 3399 1016 3455; x_wconf 84' lang='lat' dir='ltr'>Pausania</span> <span class='ocrx_word' id='word_1_296' title='bbox 1035 3398 1126 3468; x_wconf 83' lang='lat' dir='ltr'>affert,</span> <span class='ocrx_word' id='word_1_297' title='bbox 1144 3399 1245 3455; x_wconf 90' lang='lat' dir='ltr'>misere</span> 
     </span>
     <span class='ocr_line' id='line_1_32' title="bbox 72 3487 1245 3558; baseline 0.001 -16"><span class='ocrx_word' id='word_1_298' title='bbox 72 3487 212 3557; x_wconf 81' lang='lat' dir='ltr'>eorrupit3</span> <span class='ocrx_word' id='word_1_299' title='bbox 229 3503 285 3542; x_wconf 89' lang='lat' dir='ltr'><em>non</em></span> <span class='ocrx_word' id='word_1_300' title='bbox 299 3487 374 3542; x_wconf 91' lang='lat' dir='ltr'>enim</span> <span class='ocrx_word' id='word_1_301' title='bbox 387 3487 514 3543; x_wconf 87' lang='lat' dir='ltr'>atticista</span> <span class='ocrx_word' id='word_1_302' title='bbox 530 3487 564 3542; x_wconf 88' lang='lat' dir='ltr'><em>de</em></span> <span class='ocrx_word' id='word_1_303' title='bbox 579 3489 665 3543; x_wconf 87' lang='lat' dir='ltr'>Aiora</span> <span class='ocrx_word' id='word_1_304' title='bbox 683 3487 828 3542; x_wconf 88' lang='lat' dir='ltr'>muliero</span> <span class='ocrx_word' id='word_1_305' title='bbox 847 3489 966 3556; x_wconf 87' lang='lat' dir='ltr'>quadam</span> <span class='ocrx_word' id='word_1_306' title='bbox 981 3487 1047 3558; x_wconf 83' lang='lat' dir='ltr'>ogit,</span> <span class='ocrx_word' id='word_1_307' title='bbox 1067 3490 1117 3543; x_wconf 90' lang='lat' dir='ltr'><em>sed</em></span> <span class='ocrx_word' id='word_1_308' title='bbox 1135 3489 1170 3543; x_wconf 87' lang='lat' dir='ltr'><em>de</em></span> <span class='ocrx_word' id='word_1_309' title='bbox 1190 3489 1245 3544; x_wconf 88' lang='lat' dir='ltr'><em>die</em></span> 
     </span>
     <span class='ocr_line' id='line_1_33' title="bbox 71 3571 801 3648; baseline 0.001 -18"><span class='ocrx_word' id='word_1_310' title='bbox 71 3575 181 3642; x_wconf 84' lang='lat' dir='ltr'>festo,</span> <span class='ocrx_word' id='word_1_311' title='bbox 200 3575 235 3631; x_wconf 84' lang='lat' dir='ltr'><em>of.</em></span> <span class='ocrx_word' id='word_1_312' title='bbox 254 3576 320 3632; x_wconf 89' lang='lat' dir='ltr'><em>Hes.</em></span> <span class='ocrx_word' id='word_1_313' title='bbox 340 3593 361 3631; x_wconf 92' lang='lat' dir='ltr'><em>s.</em></span> <span class='ocrx_word' id='word_1_314' title='bbox 381 3593 406 3631; x_wconf 83' lang='lat' dir='ltr'><strong>v.</strong></span> <span class='ocrx_word' id='word_1_315' title='bbox 426 3571 525 3648; x_wconf 83' lang='grc' dir='ltr'><em>Αἰσίρα</em></span> <span class='ocrx_word' id='word_1_316' title='bbox 544 3575 635 3632; x_wconf 83' lang='lat' dir='ltr'>etEt.</span> <span class='ocrx_word' id='word_1_317' title='bbox 655 3578 694 3632; x_wconf 91' lang='lat' dir='ltr'><em>M.</em></span> <span class='ocrx_word' id='word_1_318' title='bbox 713 3577 757 3645; x_wconf 89' lang='grc'><em>42,</em></span> <span class='ocrx_word' id='word_1_319' title='bbox 776 3577 801 3631; x_wconf 87' lang='lat'><em>3.</em></span> 
     </span>
    </p>

    <p class='ocr_par' dir='ltr' id='par_1_12' title="bbox 71 3658 1247 4448">
     <span class='ocr_line' id='line_1_34' title="bbox 119 3658 1245 3734; baseline -0.002 -15"><span class='ocrx_word' id='word_1_320' title='bbox 119 3666 163 3720; x_wconf 88' lang='grc'><em>24.</em></span> <span class='ocrx_word' id='word_1_321' title='bbox 182 3664 205 3734; x_wconf 84' lang='lat'><em>¹)</em></span> <span class='ocrx_word' id='word_1_322' title='bbox 220 3665 375 3722; x_wconf 88' lang='lat' dir='ltr'>Pausaniae</span> <span class='ocrx_word' id='word_1_323' title='bbox 385 3665 538 3722; x_wconf 86' lang='lat' dir='ltr'>doctrinam</span> <span class='ocrx_word' id='word_1_324' title='bbox 548 3666 635 3721; x_wconf 90' lang='lat' dir='ltr'>multo</span> <span class='ocrx_word' id='word_1_325' title='bbox 645 3666 803 3722; x_wconf 86' lang='lat' dir='ltr'>uberiorem</span> <span class='ocrx_word' id='word_1_326' title='bbox 812 3665 898 3722; x_wconf 88' lang='lat' dir='ltr'>habes</span> <span class='ocrx_word' id='word_1_327' title='bbox 908 3665 973 3721; x_wconf 91' lang='lat' dir='ltr'><em>inB.</em></span> <span class='ocrx_word' id='word_1_328' title='bbox 981 3665 1135 3731; x_wconf 79' lang='lat' dir='ltr'><strong>A.354‚17:</strong></span> <span class='ocrx_word' id='word_1_329' title='bbox 1150 3658 1245 3734; x_wconf 89' lang='grc' dir='ltr'><em>αἴγλη·</em></span> 
     </span>
     <span class='ocr_line' id='line_1_35' title="bbox 71 3747 1247 3825; baseline -0.001 -17"><span class='ocrx_word' id='word_1_330' title='bbox 71 3749 237 3822; x_wconf 77' lang='grc' dir='ltr'><em>λαμπηδὼν,</em></span> <span class='ocrx_word' id='word_1_331' title='bbox 258 3750 340 3825; x_wconf 76' lang='grc' dir='ltr'><em>αὐγὴ,</em></span> <span class='ocrx_word' id='word_1_332' title='bbox 360 3753 476 3825; x_wconf 90' lang='grc' dir='ltr'><em>φέγγος,</em></span> <span class='ocrx_word' id='word_1_333' title='bbox 496 3757 565 3823; x_wconf 82' lang='grc' dir='ltr'><em>φῶς.</em></span> <span class='ocrx_word' id='word_1_334' title='bbox 584 3747 664 3823; x_wconf 78' lang='grc' dir='ltr'><em>καίῆ</em></span> <span class='ocrx_word' id='word_1_335' title='bbox 685 3755 775 3810; x_wconf 84' lang='grc' dir='ltr'><em>θυσία</em></span> <span class='ocrx_word' id='word_1_336' title='bbox 793 3753 824 3808; x_wconf 74' lang='grc' dir='ltr'><em>δὲ</em></span> <span class='ocrx_word' id='word_1_337' title='bbox 843 3749 860 3823; x_wconf 80' lang='grc' dir='ltr'><em>ἢ</em></span> <span class='ocrx_word' id='word_1_338' title='bbox 880 3747 954 3825; x_wconf 72' lang='grc' dir='ltr'><em>ὑπὲρ</em></span> <span class='ocrx_word' id='word_1_339' title='bbox 971 3755 1023 3807; x_wconf 85' lang='grc' dir='ltr'><em>τοῦ</em></span> <span class='ocrx_word' id='word_1_340' title='bbox 1043 3754 1247 3820; x_wconf 84' lang='grc' dir='ltr'><em>κατακλυσμοῦ</em></span> 
     </span>
     <span class='ocr_line' id='line_1_36' title="bbox 73 3831 1246 3915; baseline -0.002 -17"><span class='ocrx_word' id='word_1_341' title='bbox 73 3841 114 3907; x_wconf 82' lang='grc' dir='ltr'><em>εἰς</em></span> <span class='ocrx_word' id='word_1_342' title='bbox 134 3839 263 3912; x_wconf 83' lang='grc' dir='ltr'><em>Δελφοὺς</em></span> <span class='ocrx_word' id='word_1_343' title='bbox 281 3839 449 3915; x_wconf 76' lang='grc' dir='ltr'><em>ἀπαγομένη</em></span> <span class='ocrx_word' id='word_1_344' title='bbox 469 3838 549 3915; x_wconf 90' lang='grc' dir='ltr'><em>αἴγλη</em></span> <span class='ocrx_word' id='word_1_345' title='bbox 571 3839 708 3899; x_wconf 81' lang='grc' dir='ltr'><em>ἐκαλεῖτο.</em></span> <span class='ocrx_word' id='word_1_346' title='bbox 729 3845 777 3898; x_wconf 85' lang='grc' dir='ltr'><em>καί</em></span> <span class='ocrx_word' id='word_1_347' title='bbox 797 3838 929 3898; x_wconf 87' lang='grc' dir='ltr'><em>ποπάνου</em></span> <span class='ocrx_word' id='word_1_348' title='bbox 947 3860 974 3896; x_wconf 87' lang='grc' dir='ltr'><em>τι</em></span> <span class='ocrx_word' id='word_1_349' title='bbox 994 3834 1076 3905; x_wconf 82' lang='grc' dir='ltr'><em>εἶδος,</em></span> <span class='ocrx_word' id='word_1_350' title='bbox 1097 3837 1129 3895; x_wconf 85' lang='grc' dir='ltr'><em>έν</em></span> <span class='ocrx_word' id='word_1_351' title='bbox 1148 3831 1171 3914; x_wconf 83' lang='grc' dir='ltr'><em>ᾦ</em></span> <span class='ocrx_word' id='word_1_352' title='bbox 1191 3843 1246 3896; x_wconf 84' lang='grc' dir='ltr'><em>διε-</em></span> 
     </span>
     <span class='ocr_line' id='line_1_37' title="bbox 72 3925 1246 4005; baseline -0.003 -19"><span class='ocrx_word' id='word_1_353' title='bbox 72 3927 222 3986; x_wconf 86' lang='grc' dir='ltr'><em>πλάσσετο</em></span> <span class='ocrx_word' id='word_1_354' title='bbox 245 3927 348 3988; x_wconf 84' lang='grc' dir='ltr'><em>εἴδωλα</em></span> <span class='ocrx_word' id='word_1_355' title='bbox 373 3934 434 4004; x_wconf 87' lang='grc' dir='ltr'><em>[καί</em></span> <span class='ocrx_word' id='word_1_356' title='bbox 457 3929 542 4005; x_wconf 84' lang='grc' dir='ltr'><em>βόλος</em></span> <span class='ocrx_word' id='word_1_357' title='bbox 566 3933 674 4003; x_wconf 87' lang='grc' dir='ltr'><em>φαῦλος</em></span> <span class='ocrx_word' id='word_1_358' title='bbox 702 3926 870 4004; x_wconf 81' lang='grc' dir='ltr'><em>κυβευτικὸς</em></span> <span class='ocrx_word' id='word_1_359' title='bbox 893 3925 975 4002; x_wconf 86' lang='grc' dir='ltr'><em>αἴγλη</em></span> <span class='ocrx_word' id='word_1_360' title='bbox 1000 3925 1145 3993; x_wconf 73' lang='grc' dir='ltr'><em>ἐκαλεῖτο,</em></span> <span class='ocrx_word' id='word_1_361' title='bbox 1174 3925 1246 3984; x_wconf 83' lang='grc' dir='ltr'><em>σίλλόι</em></span> 
     </span>
     <span class='ocr_line' id='line_1_38' title="bbox 72 4013 1245 4093; baseline -0.002 -17"><span class='ocrx_word' id='word_1_362' title='bbox 72 4023 122 4076; x_wconf 86' lang='grc' dir='ltr'><em>καί</em></span> <span class='ocrx_word' id='word_1_363' title='bbox 146 4014 163 4090; x_wconf 79' lang='grc' dir='ltr'><em>ἢ</em></span> <span class='ocrx_word' id='word_1_364' title='bbox 189 4017 312 4092; x_wconf 86' lang='grc' dir='ltr'><em>σελήνη].</em></span> <span class='ocrx_word' id='word_1_365' title='bbox 346 4025 395 4078; x_wconf 88' lang='grc' dir='ltr'><em>καί</em></span> <span class='ocrx_word' id='word_1_366' title='bbox 418 4027 469 4078; x_wconf 89' lang='grc' dir='ltr'><em>τοῦ</em></span> <span class='ocrx_word' id='word_1_367' title='bbox 493 4025 581 4093; x_wconf 86' lang='grc' dir='ltr'><em>ζυγοῦ</em></span> <span class='ocrx_word' id='word_1_368' title='bbox 604 4017 637 4076; x_wconf 87' lang='grc' dir='ltr'><em>τὸ</em></span> <span class='ocrx_word' id='word_1_369' title='bbox 662 4022 826 4093; x_wconf 85' lang='grc' dir='ltr'><em>περίμεσον.</em></span> <span class='ocrx_word' id='word_1_370' title='bbox 855 4022 905 4075; x_wconf 83' lang='grc' dir='ltr'><em>καὶ</em></span> <span class='ocrx_word' id='word_1_371' title='bbox 928 4013 1027 4074; x_wconf 87' lang='grc' dir='ltr'><em>παιδιά</em></span> <span class='ocrx_word' id='word_1_372' title='bbox 1050 4036 1092 4083; x_wconf 85' lang='grc' dir='ltr'><em>τις</em></span> <span class='ocrx_word' id='word_1_373' title='bbox 1115 4014 1245 4074; x_wconf 76' lang='grc' dir='ltr'><em>ἐκαλεῖτο</em></span> 
     </span>
     <span class='ocr_line' id='line_1_39' title="bbox 73 4097 1247 4181; baseline -0.003 -16"><span class='ocrx_word' id='word_1_374' title='bbox 73 4105 169 4181; x_wconf 80' lang='grc' dir='ltr'><em>αἴγλη,</em></span> <span class='ocrx_word' id='word_1_375' title='bbox 194 4113 243 4165; x_wconf 88' lang='grc' dir='ltr'><em>καί</em></span> <span class='ocrx_word' id='word_1_376' title='bbox 266 4103 282 4165; x_wconf 85' lang='grc' dir='ltr'><em>ό</em></span> <span class='ocrx_word' id='word_1_377' title='bbox 303 4106 481 4180; x_wconf 83' lang='grc' dir='ltr'><em>Ἀσκληπιός,</em></span> <span class='ocrx_word' id='word_1_378' title='bbox 505 4113 555 4166; x_wconf 86' lang='grc' dir='ltr'><em>καί</em></span> <span class='ocrx_word' id='word_1_379' title='bbox 574 4106 680 4181; x_wconf 78' lang='grc' dir='ltr'><em>χλιδῶν</em></span> <span class='ocrx_word' id='word_1_380' title='bbox 703 4107 734 4164; x_wconf 88' lang='grc' dir='ltr'><em>δέ</em></span> <span class='ocrx_word' id='word_1_381' title='bbox 757 4127 799 4172; x_wconf 86' lang='grc' dir='ltr'><em>τις</em></span> <span class='ocrx_word' id='word_1_382' title='bbox 822 4097 912 4172; x_wconf 53' lang='lat' dir='ltr'>ositos</span> <span class='ocrx_word' id='word_1_383' title='bbox 936 4103 1075 4164; x_wconf 77' lang='grc' dir='ltr'><em>ἐκαλεῖτο,</em></span> <span class='ocrx_word' id='word_1_384' title='bbox 1105 4103 1192 4163; x_wconf 82' lang='grc' dir='ltr'><em>ἴνιοι</em></span> <span class='ocrx_word' id='word_1_385' title='bbox 1211 4105 1247 4162; x_wconf 85' lang='grc' dir='ltr'><em>δέ</em></span> 
     </span>
     <span class='ocr_line' id='line_1_40' title="bbox 73 4189 1246 4270; baseline -0.002 -17"><span class='ocrx_word' id='word_1_386' title='bbox 73 4215 170 4268; x_wconf 87' lang='grc' dir='ltr'><em>φασι·</em></span> <span class='ocrx_word' id='word_1_387' title='bbox 204 4200 335 4268; x_wconf 83' lang='grc' dir='ltr'><em>σημαίνει</em></span> <span class='ocrx_word' id='word_1_388' title='bbox 364 4203 413 4255; x_wconf 82' lang='grc' dir='ltr'><em>καὶ</em></span> <span class='ocrx_word' id='word_1_389' title='bbox 440 4198 490 4256; x_wconf 87' lang='grc' dir='ltr'><em>τὸν</em></span> <span class='ocrx_word' id='word_1_390' title='bbox 513 4193 682 4270; x_wconf 87' lang='grc' dir='ltr'><em>περιπόδιον</em></span> <span class='ocrx_word' id='word_1_391' title='bbox 704 4191 817 4265; x_wconf 88' lang='grc' dir='ltr'><em>κόσμον</em></span> <span class='ocrx_word' id='word_1_392' title='bbox 840 4189 857 4265; x_wconf 80' lang='grc' dir='ltr'><strong><em>ἢ</em></strong></span> <span class='ocrx_word' id='word_1_393' title='bbox 886 4192 936 4251; x_wconf 88' lang='grc' dir='ltr'><em>τὸν</em></span> <span class='ocrx_word' id='word_1_394' title='bbox 958 4194 1085 4266; x_wconf 82' lang='grc' dir='ltr'><em>ἀμφιδέα</em></span> <span class='ocrx_word' id='word_1_395' title='bbox 1107 4189 1126 4267; x_wconf 80' lang='grc' dir='ltr'><em>ἢ</em></span> <span class='ocrx_word' id='word_1_396' title='bbox 1148 4193 1246 4261; x_wconf 76' lang='grc' dir='ltr'><em>ἁπλῶς</em></span> 
     </span>
     <span class='ocr_line' id='line_1_41' title="bbox 73 4278 1244 4359; baseline -0.002 -17"><span class='ocrx_word' id='word_1_397' title='bbox 73 4286 199 4357; x_wconf 86' lang='grc' dir='ltr'><em>ψέλλιον.</em></span> <span class='ocrx_word' id='word_1_398' title='bbox 230 4289 361 4356; x_wconf 87' lang='grc' dir='ltr'><em>σημαίνει</em></span> <span class='ocrx_word' id='word_1_399' title='bbox 389 4287 419 4343; x_wconf 80' lang='grc' dir='ltr'><em>δὲ</em></span> <span class='ocrx_word' id='word_1_400' title='bbox 442 4291 490 4343; x_wconf 90' lang='grc' dir='ltr'><em>καί</em></span> <span class='ocrx_word' id='word_1_401' title='bbox 513 4284 565 4357; x_wconf 81' lang='grc' dir='ltr'><em>τὴν</em></span> <span class='ocrx_word' id='word_1_402' title='bbox 587 4283 676 4355; x_wconf 81' lang='grc' dir='ltr'><em>πέδην</em></span> <span class='ocrx_word' id='word_1_403' title='bbox 699 4280 716 4354; x_wconf 83' lang='grc' dir='ltr'><em>ἡ</em></span> <span class='ocrx_word' id='word_1_404' title='bbox 742 4279 837 4355; x_wconf 86' lang='grc' dir='ltr'><em>αἴγλη,</em></span> <span class='ocrx_word' id='word_1_405' title='bbox 863 4278 902 4350; x_wconf 77' lang='grc' dir='ltr'><em>ὡς</em></span> <span class='ocrx_word' id='word_1_406' title='bbox 925 4281 997 4357; x_wconf 80' lang='grc' dir='ltr'><em>παρ’</em></span> <span class='ocrx_word' id='word_1_407' title='bbox 1016 4280 1176 4359; x_wconf 78' lang='grc' dir='ltr'><em>Ἐπιχάρμῳ</em></span> <span class='ocrx_word' id='word_1_408' title='bbox 1199 4285 1244 4352; x_wconf 84' lang='lat' dir='ltr'><em>(oi.</em></span> 
     </span>
     <span class='ocr_line' id='line_1_42' title="bbox 73 4372 1240 4448; baseline -0.001 -16"><span class='ocrx_word' id='word_1_409' title='bbox 73 4377 140 4432; x_wconf 87' lang='lat' dir='ltr'><em>Hes.</em></span> <span class='ocrx_word' id='word_1_410' title='bbox 156 4395 176 4432; x_wconf 90' lang='lat' dir='ltr'><em>s.</em></span> <span class='ocrx_word' id='word_1_411' title='bbox 192 4394 216 4432; x_wconf 84' lang='lat' dir='ltr'><strong>v.</strong></span> <span class='ocrx_word' id='word_1_412' title='bbox 233 4373 340 4447; x_wconf 86' lang='grc' dir='ltr'><em>αἴγλας,</em></span> <span class='ocrx_word' id='word_1_413' title='bbox 360 4372 442 4448; x_wconf 86' lang='grc' dir='ltr'><em>αἴγλη</em></span> <span class='ocrx_word' id='word_1_414' title='bbox 462 4377 498 4447; x_wconf 81' lang='lat' dir='ltr'><strong>gl.</strong></span> <span class='ocrx_word' id='word_1_415' title='bbox 513 4379 549 4446; x_wconf 90' lang='grc'><em>2,)</em></span> <span class='ocrx_word' id='word_1_416' title='bbox 568 4375 683 4445; x_wconf 80' lang='lat' dir='ltr'>Singula</span> <span class='ocrx_word' id='word_1_417' title='bbox 700 4379 846 4430; x_wconf 84' lang='lat' dir='ltr'>recurrunt</span> <span class='ocrx_word' id='word_1_418' title='bbox 865 4391 908 4446; x_wconf 83' lang='lat' dir='ltr'><em>ap.</em></span> <span class='ocrx_word' id='word_1_419' title='bbox 923 4375 990 4432; x_wconf 87' lang='lat' dir='ltr'><em>Hes.</em></span> <span class='ocrx_word' id='word_1_420' title='bbox 1008 4377 1045 4446; x_wconf 80' lang='lat' dir='ltr'><strong>gl.</strong></span> <span class='ocrx_word' id='word_1_421' title='bbox 1061 4377 1085 4432; x_wconf 92' lang='lat'><strong>1.</strong></span> <span class='ocrx_word' id='word_1_422' title='bbox 1105 4375 1179 4432; x_wconf 86' lang='lat' dir='ltr'>Suid.</span> <span class='ocrx_word' id='word_1_423' title='bbox 1194 4376 1240 4431; x_wconf 87' lang='lat' dir='ltr'><em>Et.</em></span> 
     </span>
    </p>
   </div>
   <div class='ocr_carea' id='block_1_4' title="bbox 0 0 1504 5062">
    <p class='ocr_par' dir='ltr' id='par_1_13' title="bbox 0 0 1504 5062">
     <span class='ocr_line' id='line_1_43' title="bbox 0 0 1504 5062; baseline 0 0"><span class='ocrx_word' id='word_1_424' title='bbox 0 0 1504 5062; x_wconf 95' lang='lat' dir='ltr'><em> </em></span> 
     </span>
    </p>
   </div>
  </div>
 </body>
</html>
