3000 5040
637 233 698 299 127

167 391 218 457 89.
246 391 418 458 Eustath.
436 413 466 475 p.
486 390 561 468 574,
580 391 631 458 28.
665 385 718 458 ύτι
738 393 849 460 δὲκαὶ
868 391 922 459 ἐπὶ
940 402 1064 480 τροχοῦ
1081 387 1103 482 ἦ
1122 388 1249 483 άψὶςῑ)

77 499 191 585 δῆλον.
216 499 296 584 φησί
320 505 404 584 γοῦν
425 499 483 563 καὶ
506 499 750 580 Παυσανίας,
774 491 828 566 ὅτι
851 493 943 585 άψὶς·
972 497 1104 582 ξύλινος
1126 499 1249 581 κύκλος

75 611 215 690 τροχοῦ,
237 596 277 671 τδ
302 597 335 670 δ’
358 597 415 670 ἐπ’
439 597 545 670 αύτοῦ
569 607 726 693 σιδηροῦν
753 605 1023 693 έπίσωτρονί).
1050 599 1189 696 (Όμηρος
1213 610 1249 674 δὲ

74 702 137 777 τδν
160 711 222 796 μέν
244 704 368 798 τροχδν
391 703 474 777 ὅλον
497 708 625 778 κύκλον
648 705 813 798 ὀνομάζει,
836 706 899 800 τὴν
923 715 960 780 δὲ
983 709 1088 799 άψῑδα
1111 715 1194 781 ἰ’τυν.

643 949 683 1010 B.

167 1103 219 1170 90.
242 1103 416 1170 Eustath.
435 1126 465 1188 p.
487 1105 572 1170 1404
581 1109 608 1191 ¹)
637 1107 677 1170 de
697 1101 834 1186 βάλλειν
856 1104 953 1171 verbo
976 1107 1104 1190 eiusque
1123 1127 1247 1191 compo·
1275 1126 1288 1166 s

75 1210 145 1276 sitis
169 1210 334 1294 disputans
356 1210 435 1276 haec
457 1211 582 1276 inserit:
614 1213 671 1276 καὶ
693 1212 912 1297 βαλβίδεςῖ)
941 1204 982 1277 ού
1004 1208 1112 1296 μόνον
1136 1210 1170 1277 αἱ
1193 1212 1249 1278 ἐπὶ

75 1314 231 1398 ἐφέσεως
253 1317 289 1402 (l.
309 1308 475 1403 άφέσεως)
500 1316 654 1403 δρομέων
676 1320 822 1404 γραμμαὶ
844 1309 930 1382 κατὰ
948 1317 1090 1383 Αἴλιον
1108 1316 1247 1384 Διονύ-

76 1439 164 1488 σιον
188 1414 272 1487 άλλά
295 1425 352 1487 καὶ
378 1413 441 1489 ὅσα
469 1423 506 1489 ἐν
534 1424 655 1510 φρέασι
682 1426 740 1490 καὶ
767 1419 880 1502 ἄλλοις
907 1420 1075 1501 τοιούτοις
1098 1423 1248 1510 ἐγκοκαί,

74 1546 184 1616 φησι,
202 1530 259 1594 καὶ
274 1528 394 1614 ἒξοχαὶ,
414 1523 460 1596 δι’
471 1520 521 1596 σύν
535 1532 691 1597 κατίασιν
710 1530 756 1609 εἰς
775 1523 870 1612 αύτά,
890 1525 940 1608 αἶς
958 1533 1110 1613 βαλβίσιν
1129 1523 1248 1617 ὅμοιόν

74 1683 126 1757 τὴν
144 1688 300 1759 παροιμίαν
318 1681 385 1753 ύνος
403 1685 445 1753 εἰς
463 1683 599 1760 άχυριῦνα
617 1685 733 1761 άπέδρα.
759 1682 775 1744 ὃ
794 1687 826 1744 δὲ
844 1686 950 1761 άχνρὸς
968 1685 1039 1761 παρ’
1060 1687 1196 1747 Εύπύλιδι
1216 1689 1248 1747 έν

75 1777 184 1850 Χρυσῷ
203 1775 280 1847 γένει
299 1777 342 1845 (fr.
357 1777 418 1834 299.
433 1778 522 1846 Kock)
544 1766 618 1834 δ’πον
637 1773 737 1833 καὶτὸ
758 1774 913 1843 Πλάτωνος
931 1774 1103 1850 παράκειται
1122 1776 1154 1846 ἐξ
1169 1775 1246 1835 Ἀδώ-

74 1867 151 1929 νιδος
174 1865 217 1934 (fr.
237 1869 262 1923 6.
281 1866 379 1935 Koclr).
398 1897 434 1906 -
456 1865 569 1939 Χρῆσιν
592 1883 677 1937 supra
699 1867 841 1923 laudatam
864 1867 963 1923 comici
986 1884 1047 1923 esse
1070 1870 1247 1938 perspicuum

75 1959 127 2008 est.
163 1955 247 2024 Apud
265 1955 402 2011 Kockium
421 1955 604 2011 desideratur.
632 1957 698 2011 Hes.
718 1947 822 2027 άχορος
839 1956 964 2026 praebet.

120 2043 164 2098 89.
183 2044 206 2114 ¹)
226 2044 308 2100 Oonv.
326 2045 359 2100 B.
378 2047 413 2099 Δ.
431 2045 493 2114 475,
513 2045 557 2100 27.
584 2044 682 2100 Simila
700 2044 766 2099 Hes.
785 2060 806 2099 s.
825 2061 850 2098 v.
870 2043 905 2099 cf.
924 2044 999 2101 Suid.
1020 2050 1050 2101 et
1066 2047 1112 2101 Et.
1131 2047 1169 2101 M.
1186 2048 1246 2111 183,

75 2132 120 2186 33.
139 2130 242 2188 Rindfl.
260 2125 329 2202 ἁψίς
347 2132 453 2199 scribit,
472 2131 588 2200 iniuria,
607 2149 670 2188 oum
687 2133 765 2188 Eust.
785 2127 854 2202 άψίς
871 2134 1008 2202 praebeat
1025 2138 1055 2190 et
1072 2135 1157 2190 schol.
1175 2135 1245 2191 Ven.

72 2220 106 2274 Β.
125 2219 161 2275 ad
178 2220 197 2275 l.
212 2221 232 2274 l.
251 2221 363 2291 (17487)
382 2221 493 2278 doceat:
517 2216 618 2291 ἀψῖδες
636 2218 787 2291 ψιλωιίον.
817 2221 1006 2278 Herodianum
1025 2223 1109 2279 aliter
1126 2224 1246 2279 sensisse

72 2308 237 2378 saepissime
255 2310 389 2378 videmus,
408 2309 443 2365 cf.
462 2311 584 2367 indicem
602 2309 721 2366 Lentzii.

164 2399 186 2463 ⁹)
205 2397 240 2453 cf.
259 2399 387 2455 Eustath.
402 2400 481 2465 1313,
496 2399 539 2454 27.
560 2395 705 2470 έπίσωτρα
723 2397 754 2455 δέ
773 2389 818 2454 ὅτι
836 2417 868 2454 τε
888 2395 915 2454 oi
933 2401 1039 2454 κανθοί
1056 2403 1116 2454 τῶν
1134 2405 1246 2471 τροχῶν

73 2491 104 2540 et
122 2487 205 2556 1214,
225 2488 249 2543 7.
268 2489 333 2554 589,
352 2489 394 2544 10.
423 2487 575 2543 Coniuncta
597 2487 731 2544 vocabula
753 2487 861 2558 profert
878 2489 946 2543 Poll.
966 2489 1000 2543 X.
1019 2489 1062 2543 53.
1100 2488 1245 2544 Simillime

72 2573 198 2645 explicat
216 2575 306 2632 Schol.
321 2577 401 2632 Hom.
422 2578 454 2632 Ε.
475 2577 536 2633 725.
554 2578 600 2632 Et.
620 2578 690 2632 (lud.
710 2579 772 2645 623,
791 2578 834 2633 49.
855 2573 1000 2648 έπίσωτρα
1019 2572 1053 2630 τὰ
1072 2571 1168 2649 κύκλῳ
1187 2579 1245 2632 τῶν

71 2667 126 2720 τοι
148 2651 275 2736 ἅρματος
297 2659 417 2736 accepta.
451 2666 555 2721 nnecu
576 2667 688 2721 sacrm.
707 2667 728 2720 1.
748 2668 813 2731 κιο,
833 2668 858 2720 ε.
882 2665 957 2722 suso.
977 2666 1043 2720 Hes.
1063 2665 1107 2720 nt.
1126 2667 1163 2720 m.
1183 2667 1244 2732 scs,

72 2755 117 2809 32.
145 2755 194 2808 καί
216 2756 389 2827 πλεονασμῷ
412 2756 464 2808 τοῦ
486 2769 505 2808 o
529 2749 694 2823 ἐπίσσωτρα
716 2749 752 2808 τὰ
776 2750 943 2821 ἐπικείμενα
960 2760 1021 2818 τοῖς
1038 2761 1151 2825 τροχοῖς
1169 2750 1244 2823 σιδή-

73 2861 130 2913 ρια,
151 2837 198 2896 ἐπὶ
216 2838 267 2911 τὴν
286 2846 340 2913 γῆν
358 2837 510 2910 σοούμενα.
542 2842 586 2897 Ex
608 2843 714 2898 ultimis
733 2842 790 2898 iam
808 2843 1000 2913 etymologiam
1020 2859 1150 2911 agnosco,
1174 2859 1244 2912 quae

75 2947 170 2987 vocem
189 2947 206 2986 a
225 2933 268 2986 σῶ
285 2933 369 2987 serbo
388 2931 518 2987 derivans
536 2930 655 2987 recurrit
674 2948 718 3002 ap.
737 2931 815 2986 Eust.
831 2933 892 3001 598,
912 2933 955 2987 34.
974 2932 1019 2986 Et.
1035 2932 1105 2987 (lud.
1124 2933 1141 2986 l.
1160 2932 1178 2985 l.
1197 2932 1242 2986 Et.

73 3020 168 3076 Orion.
188 3023 231 3086 51,
252 3022 294 3075 12.
314 3021 357 3086 59,
376 3020 420 3075 24.

117 3109 401 3178 90.1)Subsequitur
424 3107 608 3178 fragmentum
631 3110 828 3179 Aristophanis
850 3109 979 3181 Byzantii
1002 3111 1037 3164 de
1060 3103 1246 3179 πρατόβολος

72 3205 102 3252 et
121 3193 243 3268 γνώμαν
261 3199 373 3255 vocibus
392 3213 477 3268 agens
496 3197 531 3254 cf.
550 3198 657 3255 Nauck.
676 3216 703 3268 p.
723 3200 765 3255 99.
785 3215 845 3268 sqq.

163 3285 184 3354 ¹)
203 3286 238 3343 cl.
258 3287 324 3342 Hos.
342 3289 454 3358 βαλβίς·
474 3281 624 3358 άφετηρία.
649 3289 697 3341 καί
714 3284 731 3355 ἡ
751 3281 854 3357 άφεσις
872 3289 931 3342 τῶν
947 3282 1045 3342 ’ίππων
1063 3289 1112 3340 καὶ
1131 3280 1147 3354 ἡ
1167 3281 1245 3356 θύρα

71 3378 124 3430 τοῦ
143 3371 269 3431 ἱππικοῦ.
308 3368 378 3431 ένιοι
400 3373 431 3430 os
453 3377 619 3447 καμπτῆρα.
648 3379 697 3431 καί
716 3372 794 3447 παρὰ
809 3369 992 3447 Ἱπποκράτει
1010 3371 1044 3430 τὸ
1064 3367 1129 3445 έχον
1149 3368 1245 3429 ἑκατέ·

73 3467 171 3535 ρω9εν
194 3459 411 3529 ἐπαναστάσεις.
442 3456 502 3518 έστι
526 3461 556 3518 δέ
580 3466 629 3519 καί
651 3459 766 3536 βα9μδς
788 3466 837 3519 καὶ
857 3457 977 3536 ἔρεισμα
995 3463 1039 3533 (cf.
1058 3464 1135 3519 Erot.
1154 3481 1181 3533 p.
1202 3465 1244 3526 13,

72 3555 116 3608 12.
135 3552 226 3608 Klein.
247 3554 343 3609 Galen.
363 3553 444 3624 gloss.
464 3555 597 3625 Hippoor.
617 3554 668 3609 vol.
688 3554 764 3608 XIX.
788 3571 814 3623 p.
833 3555 876 3609 87.
896 3554 998 3619 Kuhn).
1026 3553 1134 3609 Similia
1156 3553 1244 3608 habes

71 3641 118 3696 Et.
137 3643 175 3697 M.
194 3643 338 3714 βαλβίσιν·
362 3637 425 3696 ἀντὶ
444 3645 496 3698 τοῦ
514 3640 622 3714 ἀρχαῖς.
651 3636 760 3713 εἴρηται
779 3640 809 3696 δὲ
827 3638 886 3697 άπὸ
910 3645 967 3695 τῶν
986 3638 1123 3712 δρομέων.
1152 3634 1169 3708 ἢ
1188 3636 1244 3710 γὰρ

71 3723 129 3784 tuo
147 3718 313 3802 ύσπληγγος
331 3728 470 3802 γενομένη
494 3726 610 3802 γραμμὴ
635 3727 679 3785 διὰ
698 3727 730 3784 τὸ
751 3726 799 3785 ἐπ’
819 3727 907 3798 αὐτῆς
923 3726 1076 3801 βεβηκέναι
1095 3723 1161 3792 τοὺς
1180 3730 1243 3798 δρο-

71 3816 143 3887 μέας
165 3821 264 3891 βαλβίς
286 3822 417 3874 καλεῖται
442 3823 491 3875 καί
514 3813 529 3874 ὃ
553 3823 603 3888 τῆς
621 3815 777 3890 άφετηρίας
800 3813 895 3882 τόπος.
926 3812 995 3872 ένιοι
1013 3820 1175 3887 καμπτῆρα.
1205 3813 1244 3871 έκ

71 3909 134 3962 τοῦ
151 3905 340 3978 ῥητορικοῦ
359 3911 507 3974 λεξικοῦ.
546 3908 606 3977 Qua
625 3924 686 3963 cum
705 3907 796 3976 glossa
814 3906 937 3962 concinit
954 3908 1041 3976 Harp.
1061 3904 1243 3974 Antiphontis

71 3995 230 4052 testimonio
248 3997 352 4052 addito.
376 3998 462 4052 Moer.
483 4013 504 4051 s.
523 4014 548 4050 v.
567 3998 707 4067 βαλβιδες.
731 3995 828 4050 Tertia
852 3995 1001 4065 explicatio
1020 4011 1064 4065 ap.
1083 3994 1174 4050 Schol.
1194 3995 1242 4047 Ar.

72 4085 126 4154 Eq.
140 4086 218 4142 1159.
246 4085 341 4142 Prima
355 4085 454 4141 scholii
473 4085 623 4155 explicatio
641 4087 725 4154 plane
745 4101 806 4139 cum
824 4086 858 4139 A.
871 4085 905 4138 D.
919 4083 1046 4140 concinit.
1075 4082 1150 4138 Suid.
1164 4085 1242 4137 scho-

71 4173 130 4228 lion
141 4172 253 4243 repetit.
273 4173 309 4230 cf.
323 4174 428 4230 Anecd.
441 4175 554 4229 Bachm.
574 4175 596 4230 I.
610 4174 671 4240 178,
686 4173 727 4227 17.
746 4172 847 4227 Altera
859 4173 1009 4242 explicatio
1021 4189 1039 4228 a
1051 4175 1146 4227 nostra
1159 4171 1243 4240 plane

71 4261 184 4318 diversa
207 4267 250 4318 est
272 4277 317 4333 ap.
336 4264 382 4318 Et.
401 4263 441 4318 M.
461 4263 588 4331 186,14.
613 4265 657 4328 (=
676 4261 720 4316 Et.
740 4260 810 4316 (lud.
830 4262 894 4327 102,
918 4263 976 4330 37),
1000 4277 1070 4331 quae
1093 4276 1139 4331 ap.
1158 4262 1189 4315 B.
1209 4261 1242 4315 Δ.

70 4350 134 4414 220,
153 4352 195 4405 31.
214 4352 359 4421 repetitur.
388 4351 477 4408 Schol.
496 4353 544 4407 Ar.
563 4351 582 4406 1.
602 4351 620 4406 l.
640 4350 728 4407 altero
751 4352 811 4406 loco
834 4350 965 4420 recurrit,
990 4350 1024 4406 cf.
1043 4351 1179 4422 Lycophr.
1200 4350 1242 4404 13.
