3000 5040
727 272 790 349 195

171 445 278 530 σχῆμα
297 438 475 528 ἐμμελείας,
499 431 585 509 ὅθεν
604 434 876 530 άποξιφίσαιθ)
899 434 940 509 τὸ
965 437 1207 530 ἐξορχήσασθαι
1230 431 1344 536 ούσπερ

170 552 229 615 καὶ
252 542 517 638 άποφοιτᾶν4)
535 542 628 636 παρὰ
647 551 755 638 Λυσίᾳ
776 542 817 616 τὸ
841 547 1037 616 παύσασθαι
1061 559 1246 635 φοιτῶντα,
1267 578 1343 622 του-

169 656 261 722 τέστι
282 653 514 741 μανθάνοντα.
969 641 973 650 ’

261 762 334 828 265.
367 764 540 829 Eustath.
559 786 589 848 p.
608 763 683 841 939,
702 763 731 828 8.
763 755 803 828 τὸ
829 763 865 829 δὲ
888 759 1109 850 νεήκεσινῑ)
1134 762 1166 830 οἱ
1188 759 1345 850 pissiaci

168 875 233 934 τοῦ
251 870 372 935 νεωστί
390 862 618 956 η’κονημένοις,
642 867 675 935 οἱ
694 870 731 936 δὲ
748 881 820 948 τοϊς
839 866 950 954 ἐ’χουσι
968 863 1051 936 νεάν
1070 862 1156 957 άκῆν
1177 911 1222 919 —-
1245 872 1344 961 ἐχρῆν
1371 890 1383 930 5

170 963 247 1056 σύν,
275 993 393 1058 φασιν,
422 970 605 1056 ὀξύνεσθαι
633 977 689 1040 καὶ
716 969 756 1042 τὸ
785 973 913 1063 νεήκης.
957 973 1021 1061 ἐ’χει
1043 970 1106 1062 γάρ
1130 976 1284 1064 θηλυκόν
1306 1004 1343 1045 τε

168 1074 232 1168 τὴν
260 1074 345 1169 άκὴν
376 1079 597 1168 προϋπάρχον
625 1085 681 1147 καὶ
710 1075 891 1169 οὐδέτερον
919 1081 965 1161 είς
993 1107 1026 1160 ες
1053 1086 1109 1149 καὶ
1136 1078 1271 1172 γενικὴν
1299 1087 1345 1166 είς

169 1212 237 1265 ους.
280 1181 398 1275 ἀλλ’ἢ
426 1185 611 1275 παράδοσις
637 1185 776 1276 βαρύνει
804 1182 887 1256 αύτὸ
915 1181 1001 1255 κατά
1026 1183 1258 1279 συνεκύρομῆν
1280 1201 1343 1258 τοτ’

169 1289 313 1381 εύμήκης
352 1297 410 1360 καὶ
450 1291 636 1382 μεχακήτης
676 1298 734 1361 καὶ
775 1304 846 1362 τῶν
877 1292 1054 1362 τοιούτων.
1096 1295 1276 1383 βαρύνεται
1308 1300 1344 1364 δὲ

169 1394 295 1485 ὁμοίιος
322 1404 379 1467 καὶ
407 1399 577 1488 ξυρήκης
605 1395 623 1467 ὃ
648 1399 825 1490 ξυρήσιμος
853 1404 909 1468 καί
937 1409 1086 1490 κουριῶν
1097 1406 1138 1492 ²),
1167 1396 1213 1482 ὥς
1241 1422 1343 1492 φησιν
1357 1421 1383 1460 1⁰

167 1507 306 1586 Α’ίλιος
328 1504 546 1586 Διονύσιος.

740 1672 766 1733 0

258 1794 331 1859 266.
364 1794 539 1859 Eustath.
562 1816 593 1877 p.
619 1794 718 1871 1828,
741 1794 793 1858 48.
827 1793 864 1859 ἐκ
894 1794 930 1859 δὲ
957 1802 1029 1859 τῶν
1057 1787 1140 1860 σ’ίιον
1168 1796 1224 1860 καὶ
1249 1789 1342 1883 ύαῙ),

168 1892 254 1965 κατὰ
277 1900 420 1967 Α’ίλιον
444 1896 656 1966 Διονύσιον
681 1898 736 1966 ἐπὶ
760 1897 892 1986 ἱματίου
917 1893 971 1966 διὰ
993 1907 1056 1966 τοῦ
1080 1911 1099 1967 ο
1121 1909 1251 1988 μικροῦ.
1285 1905 1342 1968 καὶ

167 2015 268 2073 τοῦτο
292 2006 353 2091 μὲν
377 2005 505 2084 ἐκεῖνος
528 2005 565 2072 ἐν
588 2014 637 2093 τῷ
658 2017 681 2072 o
705 2009 856 2092 στοιχείῳ
883 2015 934 2092 τῷ
956 2015 1073 2093 μικρῷ.
1116 2007 1153 2073 ἐν
1181 2008 1218 2074 δὲ
1240 2015 1290 2094 τῷ
1313 2020 1342 2072 oo

166 2110 299 2198 μεγάλῳ
323 2114 425 2200 φησὶν
450 2106 468 2178 ὃ
493 2103 608 2190 αύτύς·
650 2101 758 2201 piasti
786 2106 922 2200 μηλωτῆ
947 2114 1102 2199 διφθέρα.
1145 2111 1194 2194 οἷς
1215 2109 1277 2202 γὰρ
1300 2108 1340 2181 τύ
1356 2129 1381 2168 1⁵

170 2273 315 2326 Τελεσίου.
346 2268 476 2327 ἐκαλεῖτο
504 2269 534 2326 δέ
552 2291 578 2326 τι
596 2274 645 2326 καί
666 2268 799 2341 ξιφισμὸς
820 2274 869 2326 καί
887 2273 905 2342 †
924 2269 1063 2340 ποδισμὸς
1089 2276 1138 2328 καί
1161 2272 1339 2345 ῥικνούσθαι,

168 2349 242 2430 ὅπερ
261 2350 295 2429 η”ν
313 2355 346 2414 τὸ
365 2356 417 2428 τὴν
436 2356 530 2430 ὀσφὺν
544 2364 686 2431 φορτικῶς
704 2356 861 2431 περιάγειν.
889 2360 948 2429 Quo
967 2378 1002 2416 ex
1021 2363 1080 2416 loco
1099 2362 1194 2416 statim
1212 2369 1341 2433 apertum

167 2448 225 2517 fiet,
244 2449 289 2502 Et.
308 2449 346 2503 M.
366 2450 427 2516 270,
447 2450 473 2518 5,
493 2449 679 2505 atticistarum
699 2449 852 2504 doctrinam
871 2453 1014 2519 repetere:
1038 2451 1287 2521 διαρρικνοῦσθαι·
1307 2448 1339 2507 τὸ

167 2533 217 2606 τὴν
236 2533 331 2606 ὀσφύν
350 2539 495 2610 φορτικῶς
513 2533 668 2609 περιάγειν.
690 2539 831 2609 Κρατῖνος
852 2538 1006 2612 Τροφωνίῳ
1026 2537 1070 2609 (fr.
1089 2539 1149 2594 219.
1169 2540 1268 2611 Kock.)

381 2628 473 2697 ξίφιζε
492 2629 542 2682 καί
561 2623 678 2694 σπόδιζε
697 2630 746 2681 καί
765 2630 935 2698 διαρρικνοῦ.

168 2714 200 2772 ἐκ
218 2719 270 2771 τοῦ
289 2714 449 2788 ῥητορικοῦ,
483 2717 517 2772 ci.
538 2717 654 2786 Heyden
673 2734 700 2785 p.
720 2717 781 2772 254.
816 2717 878 2772 Non
902 2711 1043 2787 σπύρθιζε
1067 2733 1128 2771 cum
1146 2717 1253 2772 Kockio
1271 2717 1338 2775 scri-

166 2806 224 2875 bes,
244 2806 293 2862 sed
312 2806 478 2875 scripturam
497 2805 629 2860 traditam
647 2805 769 2860 tenebis:
797 2806 880 2860 immo
904 2821 939 2860 ex
957 2806 1048 2875 Etym.
1076 2804 1176 2860 Pollux
1199 2805 1338 2874 corrigen-

167 2895 216 2949 dus
241 2900 270 2949 et
295 2889 452 2962 σποδισμός
474 2911 524 2964 pro
548 2900 676 2963 corrupto
701 2889 839 2961 ποδισμός
861 2894 1051 2948 restituendus
1070 2899 1113 2948 est
1136 2895 1253 2962 (nisiex
1271 2896 1337 2949 Ath.

167 2983 240 3041 XIV.
269 2984 322 3040 630
331 2986 364 3039 A.
394 2979 560 3050 διποδισμός
590 2983 696 3046 mavis).
737 2982 827 3038 Voces
856 2983 1102 3052 διαρρικνοῦσθαι,
1136 2978 1244 3054 ῥικνός,
1278 2980 1337 3054 ῥικ·

166 3075 289 3127 νοῦσθαι
312 3074 409 3127 eodem
427 3073 507 3128 modo
527 3072 680 3142 explicatas
700 3071 778 3126 vides
800 3087 843 3141 ap.
863 3072 951 3138 Peos,
979 3070 1014 3126 ci.
1035 3072 1117 3142 Soph.
1137 3070 1170 3125 fr.
1190 3072 1251 3128 295.
1270 3072 1337 3127 Hes

167 3177 187 3216 s.
208 3163 435 3232 διαρικνοῦσθαι,
455 3163 656 3232 διερικνοῦντο.

255 3250 277 3320 ²)
297 3250 338 3305 Cf.
356 3252 435 3306 Phot.
455 3250 529 3306 Suid.
549 3251 614 3306 Hes.
635 3251 735 3304 Athen.
756 3250 831 3307 XIV.
850 3250 939 3304 6308.
964 3250 1030 3305 Hes.
1050 3265 1071 3305 s.
1091 3267 1115 3305 v.
1135 3250 1273 3319 σκιφίζει,
1298 3253 1336 3315 ξι-

165 3334 277 3409 φισμός.

253 3427 276 3499 ⁸)
296 3427 336 3484 ef.
355 3430 387 3484 B.
406 3430 439 3484 A.
459 3429 520 3497 432,
540 3428 582 3483 32.
603 3428 670 3482 Hes.

252 3519 275 3585 ⁴)
295 3516 336 3572 ef.
354 3519 386 3572 Β.
405 3520 439 3572 Α.
458 3518 523 3583 439,
543 3519 568 3572 8.
593 3517 658 3571 Hes.
678 3516 752 3571 Suid.
785 3518 869 3586 Apud
887 3516 999 3587 Lysiam
1023 3515 1127 3571 frustra
1150 3515 1334 3584 quaesiveris:

165 3607 237 3662 unde
261 3605 391 3672 efficitur,
416 3605 501 3661 etiam
523 3604 712 3660 testimonium
732 3605 882 3675 Lysianum
906 3608 951 3674 (ex
975 3605 1121 3674 deperdita
1144 3603 1268 3659 oratione
1287 3605 1334 3658 de·

165 3695 313 3765 sumptum)
333 3696 412 3764 operi
429 3694 598 3765 Dionysiauo
617 3693 740 3760 infuisse,
760 3693 795 3748 ci.
815 3695 886 3750 HSt.
906 3696 926 3750 1.
946 3698 971 3749 2.
992 3695 1069 3748 1783.

208 3785 269 3840 265,
291 3786 310 3852 ¹)
329 3785 427 3838 Totum
447 3785 536 3839 locum
556 3801 617 3838 cum
636 3799 740 3838 canone
754 3784 789 3838 ab
804 3785 929 3839 atticista
941 3783 1057 3838 allatum
1071 3797 1131 3837 esse
1145 3797 1252 3848 censeo,
1272 3799 1333 3837 cum

166 3889 200 3927 ex
219 3873 418 3928 consuetudine
437 3873 513 3927 illius
532 3873 577 3938 sit,
597 3873 638 3928 ita
656 3889 702 3927 res
720 3873 916 3941 grammaticas
935 3872 1084 3941 explicare.
1097 3902 1133 3912 -
1151 3872 1212 3929 Vox
1230 3865 1334 3939 νεήκης

165 3978 226 4017 cum
244 3962 337 4032 priore
356 3961 542 4031 explicatione
561 3977 605 4031 ap.
625 3961 699 4017 Suid.
719 3962 786 4016 Lex.
806 3963 919 4016 Bachm.
939 3964 1001 4028 307,
1021 3963 1045 4016 1.

253 4052 274 4119 ⁹)
293 4052 375 4106 Oonv.
393 4053 472 4106 Phot.
491 4051 565 4106 Suid.

206 4141 267 4196 266.
287 4142 309 4208 ²)
328 4140 410 4195 (λοστ.
430 4141 507 4195 Phot.
527 4157 548 4195 s.
568 4157 592 4194 v.
612 4131 669 4204 άας.
690 4140 725 4194 cf.
744 4141 789 4194 Et.
808 4140 847 4194 M.
867 4141 928 4205 820,
948 4143 971 4196 6.

253 4230 274 4296 ²)
294 4230 375 4284 Gonu.
388 4230 466 4284 Phot.
480 4229 554 4284 Suid.
568 4231 633 4284 Hes.
647 4230 759 4298 (partim
772 4229 866 4284 aliena
878 4229 988 4284 adiecta
1001 4232 1073 4296 sunt,
1089 4226 1124 4282 cf.
1137 4228 1205 4283 Lex.
1218 4228 1331 4282 Bachm.

165 4316 228 4383 420,
247 4319 290 4372 18.
309 4319 354 4372 Et.
375 4317 444 4373 (iud.
464 4319 529 4386 575,
549 4320 592 4373 43.
611 4318 640 4386 (l.
660 4313 864 4389 περιστόμιον).
899 4319 974 4386 Quae
993 4317 1047 4372 fuit
1064 4315 1260 4386 Aristophanis
1278 4317 1332 4386 By·

166 4407 249 4460 zantii
267 4407 401 4473 doctrina,
421 4406 455 4461 cf.
468 4407 575 4463 Nauck.
588 4425 614 4476 p.
631 4409 690 4463 197.
704 4408 774 4462 Mill.
791 4407 855 4462 Mel.
874 4424 900 4475 p.
920 4408 980 4462 430.
1000 4407 1071 4463 Prol.
1091 4425 1118 4476 p.
1137 4406 1181 4461 48.
1194 4409 1224 4460 et
1237 4408 1293 4460 not.
1307 4405 1331 4458 1.

1066 4497 1119 4551 13*
