3000 5040
731 274 775 339 99

257 433 307 496 32.
340 431 512 496 Eustath.
535 455 565 515 p.
592 432 692 510 1559,
714 431 766 497 48.
800 425 818 497 ό
849 432 884 497 δὲ
913 424 1029 513 ἀλίβας
1056 435 1112 498 καὶ
1141 427 1159 499 ὃ
1184 427 1338 512 σκελετός

164 536 223 602 ἐπὶ
247 542 379 622 νεκρῶν
402 537 556 623 λέγονται
575 538 847 624 λοιδορουμένων
865 545 936 604 τῶν
955 544 1111 605 παλαιῶν
1128 548 1178 626 τῷ
1198 533 1339 625 όνόματι

163 651 225 730 τῆς
248 640 437 731 ξηρότητος.
462 646 518 710 καὶ
541 651 681 710 τοιαῦτα
703 645 765 729 μὲν
788 647 844 710 καὶ
862 637 905 710 τά
924 654 987 710 τοῦ
1004 642 1225 733 Πλουτάρχου
1245 647 1338 734 (Mor.

166 750 279 837 1170).
308 743 326 816 ὁ
356 751 392 816 δὲ
425 750 462 816 έν
489 747 621 828 τούτοις
646 752 852 834 διαλειφθεὶς
876 745 1025 839 ἀλίβαςῑ)
1049 750 1229 838 βαρύνεται
1252 746 1338 820 καθ’

166 849 350 944 ὁμοιότητα
368 863 430 922 τοῦ
449 850 656 944 ἀλίκραςλ).
683 854 752 924 ἐ’στι
776 858 812 924 δε
832 851 969 944 ἀλίκρας
987 851 1073 924 κατά
1092 860 1234 926 Αίλιον
1252 862 1337 926 rito-
1365 882 1378 922 5

165 957 344 1029 νύσιονό
368 959 522 1047 θαλάσσῃ
540 965 747 1049 μεμιγμένος,
770 956 863 1031 καθά
882 967 940 1030 καὶ
955 962 1195 1051 χαλκόκρας,
1219 960 1237 1032 ό
1259 972 1338 1051 χαλ-

165 1075 220 1156 κῷ
242 1087 323 1156 φησι
346 1069 550 1155 κεκραμένος
559 1073 596 1158 ³).

258 1178 309 1241 33.
348 1170 522 1247 Eustath.
546 1201 575 1262 p.
603 1177 701 1254 1885,
727 1181 776 1244 10.
814 1172 861 1255 ιύς
889 1177 926 1243 ἒν
954 1175 1152 1264 ῥητορικῷ
1181 1184 1336 1266 λεξικῴ·

166 1276 372 1369 ἀλετρίδες
394 1280 494 1369 κόραι
512 1282 600 1361 τινὲς
619 1275 795 1371 Ἀθήνησιν
816 1276 1070 1365 ἀπεδείκνυντο,
1094 1278 1151 1367 ἐφ’
1175 1275 1204 1371 ᾦ
1226 1278 1268 1351 τά
1283 1286 1339 1367 Δείς

166 1391 295 1457 θυσίαν
313 1385 454 1455 πόπανα
473 1381 567 1454 ἀλεῖν
582 1391 697 1477 (Meier
711 1391 914 1474 0p.11.108.,
931 1392 1018 1457 Eust.
1037 1392 1169 1474 praebet
1188 1397 1338 1476 πωλεῖν),
1352 1415 1378 1454 10

166 1494 209 1561 έν
234 1491 353 1582 ἑτέρω
383 1497 423 1562 δὲ
452 1484 551 1574 αύθις
575 1498 749 1583 δηλοῦται,
778 1488 830 1563 ότι
857 1490 1026 1582 ἀλετρίδες
1053 1495 1180 1582 ’έντιμοι
1203 1501 1260 1564 καὶ
1284 1492 1337 1564 εύ-

167 1599 301 1688 δόκιμοι
322 1603 502 1688 παρθένοι,
526 1601 560 1668 αί
582 1595 624 1668 τά
649 1602 695 1680 εἰς
713 1605 839 1669 θυσίαν
857 1600 997 1670 πόπανα
1022 1598 1162 1686 άγουσαι
1185 1605 1219 1691 (l.
1239 1598 1338 1671 ἀλοῦ-

167 1711 237 1795 σαι)
266 1701 323 1790 ἐφ’
347 1705 397 1786 οίς
424 1711 480 1774 καὶ
508 1707 619 1794 ἱερούς
646 1733 740 1787 τινας
771 1706 928 1795 μύλωνας
956 1703 1208 1796 ἀναγράφουσιν
1236 1708 1269 1776 οί
1295 1704 1338 1776 τά

162 1807 291 1882 Ἀττικά
316 1811 580 1901 συγγεγραφότες
590 1817 625 1902 1).
655 1818 884 1893 Παυσανίας
908 1817 943 1881 δὲ
972 1817 1059 1902 λέγει
1088 1809 1140 1882 ότι
1168 1812 1338 1903 άλετρίδες

167 1919 202 1986 αἱ
225 1914 287 1987 τόν
311 1913 403 2007 ἱερὸν
427 1914 548 1987 ἀλετόν
572 1913 721 1988 ἀλοῦσαι.
754 1915 901 2008 ᾑροῦντο
927 1923 964 1989 δέ
985 1947 1074 2001 τινες
1096 1925 1280 2009 παρθένοι,
1304 1925 1339 1990 αἳ
1352 1946 1377 1986 15

166 2020 209 2092 τά
234 2027 280 2106 εἰς
303 2030 428 2094 θυσίαν
451 2024 592 2094 πόπανα
614 2022 730 2114 η’λουν,
754 2030 810 2094 καὶ
834 2017 919 2115 ἦσαν
943 2026 1079 2114 έντιμοι.

257 2136 308 2201 34.
341 2136 513 2200 Eustath.
531 2158 560 2218 p.
581 2137 661 2213 278,
680 2137 709 2198 5.
741 2128 761 2221 ἦ
786 2135 822 2200 δὲ
846 2132 976 2221 ἱστορία
1000 2133 1064 2220 ’έχει
1088 2138 1145 2201 καὶ
1167 2129 1337 2220 Ἐπιζεφυ-

167 2243 262 2328 ρίους
285 2233 453 2327 Λοκρούς,
482 2240 518 2322 ἐξ
545 2230 595 2306 ὦν
619 2240 666 2316 εἰς
681 2232 840 2328 Ἕλληνας
862 2230 947 2328 ἦλθε
971 2244 1133 2327 παροιμία
1155 2237 1196 2308 τό
1219 2236 1338 2330 ,ἀλη-

165 2348 339 2433 θέστερα
365 2355 445 2413 τοδν
474 2345 538 2412 ἐπὶ
565 2345 723 2435 Σάγρᾳ“
751 2346 804 2412 έπὶ
833 2355 904 2412 των
928 2341 1171 2434 ἀληθεστάτων
1192 2349 1268 2433 μὲν,
1297 2343 1338 2414 ού

165 2454 420 2538 πιστευομένων
440 2453 484 2519 δέ.
508 2445 660 2538 ποταμός
680 2453 716 2519 δὲ
739 2461 797 2540 τῆς
821 2453 890 2518 ἐκεῖ
908 2455 1073 2540 Λοκρίδος
1091 2447 1111 2540 ἡ
1130 2451 1255 2540 Σάγρα.
1280 2457 1337 2519 καί
1351 2478 1377 2516 ro

166 2577 250 2643 φασι
273 2552 352 2638 τούς
375 2557 551 2638 τοιούτους
569 2551 723 2646 Λοκρούς
745 2556 896 2644 πόλεμον
918 2565 1128 2644 μελετῶντας
1150 2555 1236 2644 πρὸς
1258 2553 1338 2638 τούς

165 2663 420 2754 πλησιοχοόρους
442 2663 683 2752 Κροτωνιάτας
707 2666 838 2754 αἰτῆσαι
862 2669 1046 2752 συμμαχίαν
1073 2659 1153 2744 τούς
1175 2669 1337 2732 Λακεδαι-

164 2775 313 2859 μονίους.
347 2765 392 2850 οός
416 2773 452 2838 δὲ
476 2773 599 2839 ἐκεῖνοι
623 2766 769 2860 στρατόν
791 2773 852 2857 μὲν
876 2766 938 2838 οὐκ
967 2770 1053 2857 ἔχειν
1077 2769 1221 2856 ἐ’φασαν,
1250 2768 1336 2838 διδό-

166 2986 192 3023 v.
215 2969 255 3036 d.‚
277 2969 359 3023 velde
383 2968 496 3022 dubium
520 2974 575 3036 est;
603 2985 668 3022 usus
694 2969 766 3022 enim
795 2984 876 3035 quem
903 2967 952 3021 ille
981 2968 1090 3033 statuit,
1120 2969 1232 3024 aliunde
1259 2969 1336 3037 igno·

165 3062 211 3112 tus
232 3062 282 3112 est.

259 3148 279 3212 ¹)
297 3147 427 3200 Fortasse
451 3145 536 3200 etiam
561 3161 606 3210 ee,
632 3161 703 3212 quae
727 3146 873 3214 epiecopus
894 3146 928 3198 de
947 3142 1045 3216 ἀλίβας
1063 3161 1130 3200 voce
1149 3146 1278 3215 protulit,
1302 3161 1337 3201 ex

166 3235 259 3288 lexico
278 3236 396 3303 quodum
414 3235 551 3288 rhetorico
572 3233 749 3302 deprompsit.
787 3233 886 3288 Fusius
906 3235 980 3288 enim
1003 3236 1108 3304 repetit
1133 3236 1214 3300 1679,
1233 3236 1267 3290 32
1292 3234 1336 3300 (ef.

166 3323 228 3388 689,
248 3325 300 3387 19).
324 3312 368 3377 ότι
387 3321 418 3377 δὲ
436 3317 537 3392 ἀλίβας
555 3323 604 3376 καί
622 3317 752 3388 ποταμὸς
770 3318 801 3376 ἐν
815 3311 903 3376 Ἅιδου
923 3318 1085 3386 πλάττεται,
1105 3325 1154 3377 καὶ
1173 3311 1217 3378 ότι
1235 3316 1251 3376 ό
1271 3318 1338 3388 όξὺς

167 3403 247 3474 οἶνος
264 3406 364 3482 ἀλίβας
382 3413 431 3465 καί
451 3407 536 3474 αὐτὸς
555 3408 685 3464 ἐκαλεῖτο
705 3406 782 3482 λόγῳ
798 3405 973 3479 δριμύτητος,
995 3407 1027 3466 ού
1047 3407 1126 3482 παρὰ
1145 3409 1280 3482 στέρησιν
1299 3414 1336 3464 λι-

166 3495 255 3570 βάδος
273 3492 320 3554 οία
338 3497 558 3570 νενεκρωμένος,
578 3494 649 3553 ἀλλά
668 3495 747 3568 παρὰ
765 3494 798 3553 τὸ
817 3497 855 3568 μὴ
875 3501 1025 3570 λείβεσθαι
1044 3497 1075 3554 έν
1090 3501 1225 3564 σπονδαῖς
1244 3495 1271 3553 oi
1284 3516 1336 3553 ιτα-

168 3590 244 3642 λαιοὶ
263 3583 476 3657 παραδιδόασιν,
497 3603 568 3656 quoe
586 3595 732 3642 recurrunt
752 3589 827 3656 apud
846 3588 920 3642 Suid.
941 3589 1006 3642 Hes.
1026 3590 1057 3642 B.
1076 3591 1110 3642 A.
1129 3589 1190 3655 376,
1210 3589 1252 3641 21,

258 3677 278 3743 9)
297 3677 373 3746 Quae
392 3677 520 3731 Eustath.
535 3676 568 3730 de
588 3682 706 3730 occentu
724 3676 799 3730 vocis
818 3671 936 3744 άλίκρας
955 3676 1031 3741 dicit,
1051 3692 1186 3744 nusquam
1205 3675 1275 3729 alias
1293 3675 1335 3728 in-

166 3765 243 3820 veni:
264 3765 327 3820 ideo
347 3766 433 3821 errori
453 3765 512 3819 eius
531 3765 685 3819 tribuerim.
706 3759 805 3836 ἀλίβας
826 3763 937 3832 quidem
955 3768 1161 3836 βαρυτονεῖται,
1182 3763 1215 3817 oi.
1232 3763 1334 3817 Herod.

166 3855 188 3908 Ι.
207 3871 234 3923 p.
254 3855 301 3922 53,
322 3855 365 3909 15.
384 3855 482 3908 Lentz.
519 3854 596 3929 Idem
619 3845 737 3922 ἀλικράς
760 3852 994 3922 pronuntiandum
1018 3869 1079 3906 esse
1103 3852 1232 3906 affirmat.
1253 3853 1273 3905 l.
1293 3853 1336 3915 51,

168 3945 210 3997 13.
230 3944 273 4008 57,
293 3944 336 3998 25.
356 3943 405 3998 ΙΙΙ.
425 3944 490 4008 630,
511 3943 552 3996 14.
591 3942 641 3995 Cui
659 3942 797 3995 accedunt
814 3942 859 3994 Et.
879 3942 916 3994 M.
936 3943 966 4008 3,
986 3941 1034 4002 42,
1053 3941 1099 3994 Et.
1119 3940 1188 3994 Gud.
1207 3941 1273 4004 480,
1294 3941 1335 3994 11.

167 4032 237 4098 (561,
257 4032 301 4098 40)
321 4037 349 4085 et
367 4031 446 4085 Phot.
466 4025 600 4101 νεοκράς·
620 4032 784 4099 νεοκρᾶτος.
805 4030 853 4082 καί
870 4024 1035 4099 χαλκοκράς
1053 4032 1102 4082 καὶ
1121 4024 1246 4099 άλικράς.

257 4118 279 4188 ⁸)
297 4119 446 4174 Atticistue
475 4119 600 4174 doctrina
629 4119 747 4172 iteratur
775 4118 847 4185 opud
872 4118 936 4170 Hes.
961 4110 1104 4181 ἀλικίανες
1132 4111 1333 4189 (άλικρᾶτεςλ)

167 4210 401 4279 θαλασσομιγεῖς.
420 4213 449 4262 et
465 4202 641 4277 χαλκοκράς’
661 4201 695 4260 τό
712 4200 913 4275 χαλκόκροτον
932 4201 1065 4273 νόμισμα.

213 4298 257 4351 33.
276 4299 297 4363 ¹)
317 4297 385 4351 Cum
403 4297 496 4366 priore
514 4296 605 4350 lexico
625 4295 765 4364 conspirat
783 4295 872 4349 Schol.
888 4295 935 4349 Ar.
951 4295 1014 4366 Lys.
1029 4296 1099 4362 643,
1119 4313 1181 4351 oum
1199 4294 1339 4357 Pausania,

167 4381 234 4439 ¹rero
253 4385 382 4440 conuenit
400 4386 464 4440 Heu.
1338 4376 1341 4381 ’

1088 4474 1124 4528 7*
