3000 5040
807 261 868 326 188

251 423 339 483 λιου
363 419 577 483 Διονυσίου
600 415 763 504 γράφεται
787 418 824 486 ἐν
849 425 994 505 συστολῇ
1021 428 1080 508 τῆς
1103 414 1267 509 ἀρχούσης
1292 413 1347 489 διὰ
1372 419 1434 508 μό-

250 548 314 590 νου
343 521 515 609 διχρόνου,
544 516 596 590 ὅτι
626 527 833 613 λίβηθρα1)
867 523 997 612 ἐφυὸρα
1022 529 1129 614 χοορία
1157 530 1215 594 καὶ
1243 525 1435 616 διαρρύσεις

251 626 395 697 υδοίτιον.
438 633 565 698 πλείοον
594 632 630 697 δέ
652 626 673 718 ἦ
698 625 752 698 διὰ
777 629 967 718 διφθόγγου
989 629 1110 719 γραφή.
1152 635 1210 699 καὶ
1238 625 1332 701 οὕτω
1355 631 1434 722 γρά-

250 755 352 820 φουσι
375 731 497 803 καὶτὰ
521 731 738 805 Μακεδονικὰ
763 741 1007 826 λείβηθραθ)
1032 731 1071 804 τό
1097 733 1190 825 ὄρος,
1219 729 1262 806 οὗ
1284 734 1434 808 τοπικόν

224 841 284 908 soi
306 840 469 931 βάρβαροι
492 840 694 931 λειβήθριοι,
718 841 768 922 οίς
792 845 1002 931 ἐνδιατρῖψαί
1024 837 1107 912 ποτ’
1130 838 1266 933 Ὀρφεὺς
1289 847 1432 934 λέγεται.

340 951 413 1016 245.
446 952 621 1018 Eustath.
640 975 669 1036 p.
692 952 856 1030 1761,12.
891 948 1111 1034 ἐφόλκαιον
1133 953 1168 1039 (l
1187 949 1368 1041 ἐφόλκιον)
1392 947 1432 1020 τὸ

250 1053 419 1143 πηδάλιον
447 1058 534 1143 λέγει
558 1059 614 1146 (ευ.
635 1059 754 1144 Hom),
783 1051 830 1136 ὡς
853 1048 986 1144 οίρέσκει
1009 1069 1080 1137 τοῖς
1101 1061 1312 1146 παλαιοῖςῑ),
1339 1055 1433 1148 παρὰ

249 1155 289 1227 τὸ
315 1161 517 1246 ἐφέλκεσθαι
544 1173 585 1249 τῇ
613 1166 732 1252 νηῒ-
757 1161 950 1248 ἐφόλκιον
976 1165 1093 1249 μέντοι
1121 1161 1209 1244 εἶδος
1235 1169 1364 1233 πλοίου
1388 1207 1432 1217 -

251 1271 308 1335 καὶ
325 1261 418 1356 παρὰ
437 1273 645 1360 Παυσανίᾳ
665 1267 810 1338 εἰπόντι·
835 1272 1012 1359 λέμβοςί)
1031 1274 1089 1336 καὶ
1107 1268 1282 1355 ἐφόλκιον,
1301 1270 1433 1361 σκάφος

212 1369 271 1463 1οῆ
294 1382 425 1442 πλοῖον.
459 1370 498 1444 τὸ
524 1370 558 1444 δ’
583 1371 665 1444 αὐτὸ
690 1374 867 1460 ἐφόλκιον,
895 1379 953 1442 καὶ
976 1377 1208 1466 ἐφολκίδαῧ)
1231 1379 1323 1466 λέγει
1346 1373 1366 1447 ὃ
1390 1373 1432 1446 τὰ

251 1476 395 1569 ἐρωτικὰ
422 1486 543 1566 παίξας
562 1477 789 1570 Ἀλεξανδρεὺς
816 1480 929 1572 ῥήτωρ
957 1485 1086 1569 (achill.
1110 1485 1179 1552 Tat.
1203 1488 1252 1552 ed.
1277 1487 1431 1554 Hercher.

251 1589 307 1656 ΙΙΙ.
327 1591 356 1655 3.
375 1592 507 1677 passim)
531 1587 720 1670 πλεονάσας
743 1599 784 1675 τῇ
803 1591 889 1672 λέξει
913 1582 1027 1656 διὰτὸ
1050 1593 1192 1678 καίριον.

341 1697 415 1763 246.
447 1698 766 1782 Eustath.p.l41,
789 1699 838 1764 14.
872 1696 985 1764 ἰστέον
1009 1697 1045 1764 δὲ
1070 1689 1123 1764 ὅτι
1147 1700 1242 1765 δοκεῖ
1263 1691 1328 1765 οὐκ
1351 1691 1431 1786 οίγα-

251 1795 337 1880 eucig
360 1795 569 1888 οίνθριόπους
591 1797 612 1890 ἡ
636 1805 762 1885 Λέσβος
786 1803 945 1889 ἐνεγκεῖν,
969 1795 1056 1871 ὅθεν
1079 1805 1136 1870 καὶ
1158 1802 1367 1887 λεσβιίσαι
1390 1798 1431 1872 τὸ

211 1929 237 1970 15
252 1908 394 1995 αἰσχρῶς
411 1914 554 1993 μολῦναι
572 1902 611 1976 τὸ
632 1907 738 1995 στόμα
762 1903 848 1976 κατὰ
867 1910 1010 1976 Α’ίλιον
1028 1907 1292 1999 Διονύσιονῑ),
1316 1902 1354 1990 ὃς
1373 1915 1431 1979 καὶ

251 2007 313 2080 τὸν
340 2023 398 2102 τῆς
424 2019 605 2101 παροιμίας
637 2018 798 2098 λέσβιον
830 2009 975 2104 ρέδόνῖ)
1012 2013 1227 2104 Τέρπανδρόν
1260 2036 1384 2106 φησιν
1410 2013 1432 2107 ἢ

252 2114 472 2210 Εὐαινετίδην
494 2116 515 2210 ἢ
535 2116 806 2211 Άριστοκλείδην.
831 2125 888 2189 καὶ
905 2117 1128 2210 Ἀριστοτέλης
1147 2123 1183 2190 δὲ
1202 2122 1239 2190 ἐν
1261 2132 1303 2210 τῇ
1322 2129 1429 2192 Δακε-

253 2230 437 2313 δαιμονίων
469 2233 623 2320 πολιτείρι
660 2231 712 2319 (fr.
741 2231 815 2296 545.
844 2233 942 2317 Rosa)
973 2222 1014 2296 τὸ
1041 2222 1124 2311 ,τὸν
1151 2231 1286 2312 λέσβιον
1313 2224 1431 2318 ᾠδὸν(

253 2327 317 2400 τὸν
344 2333 559 2422 Τέρπανδρόν
582 2354 663 2424 φησι
687 2339 820 2424 δηλοῦν.
854 2336 1039 2403 ἐκαλοῦντο
1065 2337 1116 2418 δέ,
1139 2353 1232 2420 φασι,
1255 2341 1314 2404 καὶ
1336 2330 1430 2406 ὕστε-

341 2513 362 2580 2)
382 2514 463 2569 Gonv.
483 2516 575 2581 Phot,
604 2514 651 2584 qui
675 2515 819 2584 Eupolidis
844 2515 933 2570 locum
957 2513 1000 2581 (fr.
1023 2515 1084 2570 428.
1108 2514 1199 2584 Kock)
1226 2514 1322 2571 adicit.
1359 2515 1430 2572 Lex.

252 2603 365 2657 Bachm.
386 2605 508 2671 291,12.
530 2603 564 2658 cf.
584 2603 711 2658 Eustath.
732 2621 757 2672 p.
778 2604 856 2670 1471,
876 2605 919 2658 29.
940 2604 1018 2671 1476,
1037 2605 1079 2659 28.

342 2691 362 2757 ⁸)
381 2692 518 2748 Dubitans
538 2692 633 2747 addidi
651 2696 765 2761 propter
783 2693 848 2747 Hes.
868 2708 889 2747 s.
910 2709 936 2746 v.
954 2693 1105 2763 λείβη9ρα.

298 2781 358 2836 245.
378 2783 399 2848 1)
418 2782 499 2836 Hanc
517 2781 732 2851 explicationem
745 2782 932 2836 atticistarum
952 2780 1039 2835 fuisse
1057 2786 1132 2850 puto,
1152 2779 1279 2837 cilicet.
1294 2781 1372 2848 1533,
1386 2781 1430 2837 45.

254 2869 332 2932 1324,
351 2870 394 2924 46.
413 2871 480 2925 Lex.
500 2872 571 2926 rhet.
591 2871 624 2926 fr.
645 2871 704 2926 413.
726 2865 797 2936 οίαξ.
818 2870 863 2925 Et.
883 2872 921 2924 M.
941 2871 1002 2933 403.
1022 2870 1065 2926 53.
1088 2870 1133 2924 Et.
1154 2868 1374 2938 (11111.224,34.
1395 2900 1431 2910 -

254 2959 319 3013 Has.
340 2953 476 3027 ἐφόλκιον
495 2955 540 3014 διὰ
559 2963 611 3016 τοῦ
631 2974 643 3014 ῑ
663 2960 749 3015 scribi
767 2959 853 3014 iubet.

343 3047 365 3117 2)
384 3047 483 3101 Totum
503 3047 593 3103 locum
612 3049 653 3104 ita
673 3049 867 3118 explicandum
893 3064 953 3102 esse
977 3051 1057 3116 puto,
1082 3050 1113 3102 ut
1129 3047 1258 3102 Eustath.
1279 3062 1314 3103 ex
1336 3047 1432 3118 glossa

252 3136 407 3191 Pausaniae
430 3134 536 3207 λέμβος
557 3140 629 3192 hanc
653 3139 727 3192 vocis
752 3133 889 3206 ἐφόλκιον
912 3135 1144 3206 significationem
1171 3135 1226 3190 sibi
1249 3134 1429 3192 delibaverit

252 3225 524 3294 Lexicographorum
542 3227 649 3294 glossae
669 3228 705 3281 ad
725 3220 862 3295 ἐφόλκιον
881 3228 925 3294 (=
944 3218 1102 3296 ιιλοιιίριον,
1122 3224 1199 3280 Phot.
1218 3249 1253 3270 =
1272 3224 1348 3280 Suid.
1361 3225 1430 3281 Hes.

251 3314 297 3369 Et.
316 3314 354 3368 Μ,
374 3313 391 3367 l.
411 3314 440 3379 l.)
464 3314 586 3369 alienam
609 3315 743 3385 originem
767 3315 889 3369 tradunt.
923 3314 1021 3369 Glossa
1044 3310 1150 3385 λέμβος
1172 3329 1238 3368 vero
1261 3314 1362 3370 eadam
1381 3329 1431 3369 ax-

252 3401 412 3471 plicatIone,
436 3406 520 3472 atque
543 3405 707 3470 Pausaniae,
731 3404 872 3473 reperitur
895 3419 939 3472 ap.
962 3403 1041 3457 Phot.
1059 3403 1097 3471 gl.
1116 3404 1141 3457 3.
1165 3401 1231 3456 Hes.
1250 3401 1287 3471 gl.
1306 3403 1333 3457 2.
1352 3401 1431 3458 Suid.

252 3491 296 3546 Et.
316 3492 354 3546 M.
374 3493 435 3557 561,
455 3494 497 3548 55.
516 3494 561 3549 Et.
581 3494 650 3549 Gud.
670 3494 732 3560 366,
752 3494 777 3548 4.
797 3493 864 3547 Lex.
878 3509 959 3547 anon.
972 3495 1036 3560 post
1053 3492 1098 3546 Et.
1119 3491 1188 3546 Gud.
1209 3491 1431 3560 626,10(qu0o

252 3579 386 3636 facillime
414 3580 582 3636 foedissimis
610 3583 717 3637 mendis
744 3581 897 3644 liberatur).
928 3581 1055 3634 Eustath.
1080 3597 1106 3649 p.
1132 3579 1214 3644 1646,
1234 3579 1277 3634 62.
1300 3581 1430 3636 Ammon.

252 3687 278 3738 p.
296 3672 338 3725 88.
377 3672 421 3725 An
441 3671 526 3725 etiam
545 3687 587 3735 ea,
612 3687 681 3740 quae
700 3672 776 3740 apud
793 3668 971 3724 Eustathium
994 3668 1055 3723 loco
1073 3673 1166 3723 nostro
1184 3668 1334 3734 adduntur,
1356 3668 1431 3724 Peu-

252 3759 347 3813 sanias
366 3760 430 3824 sint,
451 3761 499 3828 qui
518 3766 547 3814 et
564 3760 624 3828 ipse
637 3761 686 3814 Ar.
699 3760 765 3830 Byz.
785 3757 940 3814 doctrinam
956 3759 993 3812 ad
1007 3772 1056 3811 nos
1069 3755 1276 3826 propagaverit,
1291 3755 1430 3812 incertum

252 3851 302 3902 est.
331 3848 403 3904 Vide
422 3852 517 3903 tamen
535 3849 606 3903 Prol.
626 3865 652 3917 p.
672 3849 714 3903 55.

341 3936 363 4006 ³)
382 3937 448 3991 Hes.
468 3937 533 3990 Eur.
553 3939 638 3991 Andr.
658 3937 719 3991 260.

297 4025 357 4080 246,
376 4027 399 4093 ¹)
417 4025 551 4080 Atticista
570 4024 785 4093 Aristophanem
806 4025 871 4094 Byz.
891 4022 1027 4092 sequitur,
1051 4020 1086 4077 cf.
1105 4020 1205 4076 Nauck
1223 4037 1250 4090 p.
1271 4019 1331 4076 179.
1356 4020 1430 4076 Μ111.

252 4113 316 4168 Mel.
336 4131 363 4182 p.
383 4115 444 4170 425.
464 4114 549 4182 Cohn,
568 4114 684 4169 Jahrbb.
704 4113 765 4167 XII.
786 4114 846 4167 339.
866 4113 937 4167 Prol.
950 4129 977 4180 p.
997 4112 1039 4167 56.
1060 4142 1093 4150 -
1114 4111 1196 4165 conv.
1215 4109 1295 4165 Phot.
1315 4108 1393 4166 Suid.

342 4203 363 4270 ⁹)
383 4203 422 4258 Of.
441 4204 520 4258 Phot.
540 4219 561 4256 s.
580 4220 604 4256 v.
622 4199 738 4273 λέοβιον
757 4196 832 4275 ρι’δόν
850 4201 949 4269 (Schol.
968 4203 1016 4254 Ar.
1034 4201 1085 4255 dv.
1105 4201 1175 4267 971).
1196 4228 1229 4238 -
1247 4197 1431 4255 Proverbium

252 4291 342 4359 ipsum
361 4291 414 4346 fuit
432 4287 505 4359 μετὰ
524 4288 638 4362 λέοβιον
657 4286 739 4363 psov,
761 4291 833 4359 quod
851 4289 1017 4344 Aristoteles
1036 4290 1154 4358 primum
1174 4286 1330 4356 explicasse
1349 4287 1430 4345 vide·

252 4382 305 4434 tur.
325 4379 447 4435 Iteratur
460 4396 503 4450 ap.
516 4380 583 4435 Zen.
597 4380 630 4437 V.
646 4381 670 4434 9.
686 4380 767 4450 (11111.
781 4378 848 4434 Mel.
861 4395 889 4447 p.
902 4379 973 4447 375.)
992 4378 1063 4434 Plut.
1077 4379 1112 4432 11.
1129 4379 1168 4434 10.
1183 4377 1248 4432 Hes.
1259 4376 1339 4433 Phot.
1352 4377 1430 4434 Suid.
