3000 5040
728 224 768 287 12

161 410 248 453 mum
266 386 488 463 Ascalonitam,
511 387 565 467 qui
588 382 672 450 idem
692 384 780 464 λέξιν
799 378 978 468 ῥητορικήν
997 385 1178 467 composuit.
1222 384 1344 463 Qualis

162 495 276 560 indolis
299 495 433 560 Eudemi
456 493 578 558 lexicon
601 492 707 568 fuerit,
729 492 906 574 ignoratur,
929 512 1001 555 oum
1023 491 1089 556 cius
1112 492 1239 558 codices
1266 498 1343 558 tan-

161 607 229 667 tum
265 622 499 685 cognoscamus,
536 601 634 666 editio
670 605 776 664 autem
811 598 905 682 plane
942 598 1037 662 desit:
1078 619 1117 663 ex
1153 601 1212 676 eis,
1254 622 1344 684 quae

161 709 277 786 Naber,
298 710 435 794 Boysen,
462 708 552 774 Blass
576 708 645 785 alii,
673 707 727 791 qui
751 706 840 772 codd.
863 706 1081 790 inspexerunt,
1107 707 1229 790 publici
1256 709 1344 776 iuris

161 817 312 894 fecerunt,
335 817 457 882 lexicon
481 815 561 880 illud
584 814 700 880 Suidae
723 818 756 879 et
778 813 935 898 Hesychio
957 814 1043 878 haud
1066 815 1211 881 absimile
1235 816 1344 885 fuisse

162 925 290 991 0011110.
322 924 481 990 Zosimum
501 929 607 988 autem
625 923 659 986 in
677 927 784 1005 partes
807 942 919 987 vocare
940 922 1023 998 1011,
1045 922 1130 1004 quod
1152 921 1242 990 Suid.
1265 946 1292 991 s.
1314 947 1343 992 1.

163 1055 233 1098 eum
257 1032 354 1098 etiam
376 1033 409 1094 in
432 1030 558 1116 Lysiam
583 1035 615 1094 et
637 1028 881 1094 Demosthenem
904 1029 1144 1095 commentarios
1167 1031 1342 1115 scripsisse

160 1141 273 1206 tradit:
304 1140 448 1204 rhetores
476 1139 573 1221 igitur
601 1158 693 1202 sensu
721 1136 789 1214 illc,
817 1157 879 1218 quo
908 1157 1015 1202 omnes
1037 1141 1158 1202 veteres
1186 1143 1342 1218 utuntur,

161 1248 331 1331 explicasse
350 1247 485 1312 videtur.
506 1284 546 1293 -
567 1245 644 1309 Rem
662 1246 709 1308 111
728 1244 945 1327 explicandam
964 1265 1032 1309 esse
1050 1250 1136 1328 puto,
1160 1250 1197 1309 nt
1217 1241 1341 1333 ῥήτωρ

161 1360 193 1419 11
224 1344 404 1440 ῥητορικὸν
437 1343 569 1433 λεξικόν
601 1373 695 1416 11111
721 1351 895 1434 accipiatur
922 1352 1059 1434 passivo,
1091 1353 1111 1417 1.
1135 1372 1160 1416 1.
1187 1345 1341 1432 negando,

161 1461 245 1546 quod
268 1463 314 1526 111
337 1460 530 1525 destinatum
553 1460 604 1536 111,
627 1459 682 1542 qui
704 1453 898 1544 ῥητορεύειν
916 1459 950 1522 11
968 1460 1073 1524 animo
1091 1458 1243 1537 habeant,
1267 1462 1290 1527 i.
1312 1483 1339 1528 e.

160 1589 303 1634 sermone
335 1587 415 1650 puro
449 1570 481 1631 et
508 1587 579 1630 vere
608 1564 715 1630 Attico
742 1566 791 1629 uti
818 1565 924 1630 velint.
972 1564 1024 1652 (cf.
1052 1564 1167 1630 Christ.
1195 1588 1227 1648 p.
1256 1566 1338 1636 562.

163 1677 214 1741 cui
241 1675 275 1740 id
298 1696 396 1739 unum
417 1694 483 1738 non
505 1673 738 1738 concedendum
762 1677 810 1738 est
832 1672 985 1756 plurimos
1007 1673 1093 1738 locos
1116 1673 1340 1741 atticistarum

160 1783 202 1848 ad
229 1781 372 1847 rhetores
396 1780 597 1864 explicandos
625 1778 837 1866 spectavisse).
883 1775 1075 1866 ῥητορεύειν
1102 1783 1210 1845 autem
1237 1804 1339 1848 usum

161 1886 317 1972 significat
339 1888 466 1972 linguae
484 1887 627 1964 viventis,
650 1888 824 1952 orationem
845 1888 878 1952 in
896 1888 1005 1971 quovis
1024 1888 1093 1953 loco
1115 1886 1271 1967 habitam,
1297 1891 1337 1958 cf.

160 1996 250 2061 Phot.
275 1995 354 2061 Bibl.
377 2018 407 2078 p.
433 1995 530 2059 1011.
575 1993 714 2058 Bekher:
749 1989 909 2079 χρήσιμον
938 1994 974 2059 δὲ
1002 2000 1103 2059 τοῦτο
1131 1986 1171 2060 τὸ
1198 1999 1337 2077 βιβλίον

160 2113 231 2180 τοῖς
253 2125 290 2168 τε
314 2097 514 2188 συγγράφειν
537 2102 594 2165 καὶ
617 2096 809 2187 ῥητορεύειν
833 2099 1019 2167 ἐθέλουσιν.
1067 2101 1236 2167 Simillimo
1260 2107 1338 2171 usui

161 2209 353 2275 destinatum
386 2214 454 2274 erat
489 2209 625 2274 Φωτίου
648 2207 772 2287 λέξεων
806 2200 995 2295 συναγωγὴ,
1032 2207 1067 2273 αἳ
1097 2213 1227 2293 μᾶλλον
1261 2218 1336 2279 τῶν

161 2307 273 2381 ἄλλων
292 2312 428 2403 ῥήτορσι
451 2316 507 2380 καὶ
529 2310 751 2401 λογογράφοις
774 2307 957 2402 ἀνήκουσιν
981 2313 1027 2393 εἰς
1047 2317 1171 2402 χρείαν.
1208 2317 1337 2386 Eodem

160 2445 251 2490 sensu
278 2425 401 2509 passivo
433 2424 617 2507 accipienda
643 2423 790 2488 videntur
822 2422 931 2500 verba,
963 2445 1044 2506 quae
1071 2424 1179 2488 Photii
1206 2424 1337 2492 lexicon

159 2532 363 2616 praecedunt3
387 2521 520 2612 λεξικὸν
542 2521 629 2596 κατὰ
653 2538 828 2613 στοιχεῖον,
852 2522 898 2594 dr'
917 2518 966 2594 cdv
990 2525 1144 2617 ῥητόρων
1166 2553 1204 2595 τε
1227 2529 1337 2601 πόνοι

160 2639 216 2702 καὶ
244 2638 462 2724 συγγραφέων
486 2636 722 2724 ἐξωραΐζονται
744 2632 894 2721 μάλιστα.
920 2676 961 2685 -
984 2638 1206 2704 Atticistarum
1229 2640 1338 2710 lexica

160 2746 218 2810 tali
240 2748 310 2810 usui
333 2746 487 2829 imprimis
510 2746 689 2811 inserviisse
712 2750 957 2811 consentaneum
981 2751 1042 2811 est:
1065 2747 1093 2811 si
1115 2767 1182 2810 rem
1206 2746 1256 2814 ita
1280 2771 1336 2814 ex-

160 2852 332 2935 plicaveris,
354 2873 417 2917 non
436 2853 571 2936 amplius
589 2852 767 2917 mirandum
786 2854 855 2929 erit,
880 2853 964 2936 quod
986 2853 1139 2937 imprimis
1162 2859 1336 2936 poetarum

161 2960 222 3024 loci
245 2959 279 3023 11
301 2961 429 3024 testium
452 2959 555 3024 locum
577 2963 742 3036 vocantur,
769 2960 853 3042 quod
878 2959 1032 3043 plurimae
1055 2962 1178 3046 glossae
1202 2983 1270 3029 non
1293 2965 1336 3031 ad

161 3061 314 3152 ῥητόρων
347 3065 432 3131 10001
464 3070 622 3149 spectant,
655 3067 710 3130 sed
741 3066 848 3149 potius
879 3069 1058 3135 comoediae
1086 3073 1119 3134 et
1145 3071 1335 3154 tragoediae

162 3171 404 3239 difficultatibus
427 3172 620 3258 explicandis
644 3193 770 3256 operam
793 3173 879 3239 dant.

669 3421 755 3490 CAP.
779 3423 819 3490 Il.

250 3581 318 3648 Iam
337 3604 432 3667 supra
450 3582 483 3646 in
507 3583 718 3650 atticistarum
736 3584 891 3668 relliquiis
910 3585 1093 3669 colligendis
1110 3584 1152 3649 ab
1166 3585 1336 3655 Eustathii

162 3711 255 3774 opere
282 3688 541 3775 proficiscendum
571 3712 637 3756 esse
665 3692 890 3758 contendimus.
936 3690 975 3755 In
997 3692 1134 3758 Homero
1163 3693 1250 3759 enim
1279 3716 1336 3762 ex·

160 3797 306 3881 plicando
338 3803 404 3863 tam
436 3819 529 3881 saepe
560 3799 601 3862 ad
633 3799 789 3863 atticistas
815 3804 977 3883 provocat,
1009 3804 1176 3883 tantopere
1203 3800 1337 3870 illorum

162 3925 256 3989 opera
278 3905 482 3992 1111111111),
504 3911 542 3971 ut
564 3927 614 3972 res
637 3905 746 3971 labore
769 3927 843 3971 sane
866 3907 962 3990 digna
985 3905 1138 3984 videatur,
1160 3905 1336 3992 inquirere,

162 4032 225 4095 qua
251 4013 373 4077 ratione
401 4012 563 4097 episcopus
591 4013 645 4078 ille
672 4012 770 4079 libros
798 4013 968 4096 superioris
995 4015 1109 4080 aetatis
1133 4015 1335 4098 expilaverit

161 4186 254 4252 τύλον,
276 4191 422 4260 σαρκῶδες
440 4192 488 4244 καὶ
506 4193 611 4245 κοῖλον.
640 4191 718 4245 Unde
737 4189 821 4245 velim
839 4191 916 4258 legas
935 4207 979 4260 ap.
998 4193 1077 4246 Pbot.
1096 4189 1198 4262 θέναρ.
1218 4189 1255 4249 τὸ
1275 4200 1337 4252 κοῖ-

161 4282 211 4334 λον
230 4281 279 4347 τῆς
295 4277 397 4349 χειρὸς.
436 4277 549 4350 λέγεται
568 4277 599 4333 δὲ
617 4280 735 4334 καὶτοῦ
753 4277 841 4343 ποδὸς
859 4276 1043 4350 ἐλλίχανον
1063 4280 1142 4347 11111).
1163 4276 1335 4354 ἐλλύχνιον).
1366 4295 1371 4305 ’

251 4369 271 4440 ¹)
289 4367 323 4423 fr.
342 4369 402 4424 392.
421 4364 520 4424 καινὸν
538 4367 591 4436 μὲν
609 4386 636 4421 τι
654 4363 767 4439 γράφει,
788 4363 952 4424 πιστεύεται
972 4367 1002 4423 δὲ
1022 4361 1060 4432 ὡς
1078 4364 1166 4439 λόγου
1186 4361 1278 4438 ἄξιος.
1302 4404 1336 4416 -
