3000 5040
615 261 674 324 111

54 410 256 506 dvpce'x3p“.
289 420 347 483 καὶ
366 411 552 503 Ἡρόδοτος.
584 416 781 502 ,ἐκπλαγεὶς
805 418 841 483 ἀὲ
868 415 1040 484 τούτοισιν
1068 417 1124 484 ἐπὶ
1149 414 1224 503 χρό-

54 547 119 591 νον
143 519 319 610 άφθογγος
341 513 392 612 ἦν.
425 520 520 610 μόγις
544 525 582 590 δέ
602 548 639 589 τε
664 517 867 609 ἀνενεχθεὶς,
891 521 963 591 εἰπε
986 525 1025 612 (Ι.
1046 527 1146 610 116)“
1169 527 1226 589 καὶ

54 627 172 697 πάλιν·
195 624 486 716 ,ἀνενεγκάμενόν
504 655 541 696 τε
557 633 614 696 καὶ
629 623 902 712 ἀναστενάξαντα
917 633 954 718 (1.
975 633 1063 717 86)“.
1097 632 1227 716 λέγεται

57 738 97 804 δέ
118 760 168 816 τις
190 740 248 803 καὶ
271 737 309 803 ἐκ
331 734 436 804 νόσου
460 731 651 823 ἀνενεγκεῖν
674 740 731 803 καὶ
760 737 797 803 έκ
820 735 1098 824 παραφροσύνης,
1126 729 1145 804 ἀ
1169 740 1226 803 καὶ

55 837 239 930 ἀναφέρειν
263 844 392 930 λέγεται
402 845 438 932 ¹).
1251 872 1264 911 s

146 952 198 1017 55.
231 952 403 1017 Eustath.
423 974 453 1035 p.
475 952 570 1029 1406,
588 952 640 1017 49.
664 944 806 1039 μουσικὴ
829 943 891 1037 γάρ
915 951 1001 1033 λέξις
1018 954 1076 1017 καὶ
1094 945 1114 1038 ἡ
1133 945 1226 1018 ἀνα-

55 1053 232 1144 φύσησις.
258 1059 340 1144 φησὶ
362 1065 445 1143 γοῦν
464 1059 709 1138 Παυσανίας,
733 1050 786 1124 ὅτι
808 1055 996 1144 γρόνθων
1020 1051 1227 1145 άναφύοηοίς

54 1187 116 1244 τις,
138 1154 181 1251 ἣν
202 1161 349 1251 πρῶτως
371 1161 608 1250 μανθάνουσιν
633 1163 665 1231 οἱ
689 1157 829 1251 αὐληταί
852 1168 874 1251 ).

146 1271 197 1336 56.
220 1271 394 1338 Eustath.
412 1295 442 1355 p.
465 1271 560 1349 1425,
580 1272 668 1357 581),
692 1270 760 1336 e'orl
785 1263 846 1356 γάρ
871 1270 908 1336 ἐν
927 1268 1041 1358 χρήσει
1064 1265 1104 1338 τὸ
1129 1265 1225 1337 ἀνα-

55 1378 170 1461 κῶςί)
190 1369 266 1442 ἀντὶ
284 1386 347 1444 τοῦ
365 1385 620 1462 φροντιστικῶς,
644 1378 818 1462 ἐπιμελῶς,
841 1379 1113 1463 πεφυλαγμένως.
1133 1371 1224 1464 Ἡρό-
1241 1406 1266 1444 ιο

56 1485 157 1560 δοτος
179 1484 280 1568 (VIII.
301 1485 380 1572 109)
403 1486 480 1566 ,καί
506 1508 557 1562 τις
585 1484 695 1571 οἰκίην
722 1508 759 1549 τε
783 1477 1038 1551 ἀναπλασάσθω
1061 1487 1119 1549 καὶ
1143 1503 1225 1550 σπο-

55 1598 117 1675 ρᾶς
140 1591 229 1676 (Her.
250 1588 395 1678 σπόρου)
419 1583 555 1669 ἀνακῶς
578 1591 709 1675 ἐχέτω(
744 1590 814 1656 ἐστὶ
837 1591 873 1657 ἀε
896 1594 954 1656 καὶ
977 1594 1055 1657 θεία
1078 1592 1164 1672 λέξις
1185 1583 1226 1657 τὸ
1331 1604 1333 1608 ’

55 1691 142 1778 άναξ
160 1689 206 1774 ῶς
224 1690 293 1763 ἀπὸ
311 1705 383 1763 τῶν
397 1694 623 1782 Διοσκούρων.
648 1698 788 1775 Αίλιος
801 1706 884 1783 γοῦν
903 1695 1112 1775 Διονύσιος
1130 1689 1225 1762 ἀνα-

55 1796 188 1890 κούςθ)
212 1797 292 1882 τοὺς
315 1800 540 1889 Διοσκούρους
563 1807 644 1891 φησὶ
666 1805 834 1889 λέγεσθαι,
857 1800 904 1882 ῶς
922 1801 1071 1881 Αίακούς
1094 1805 1145 1890 (λ).
1170 1806 1227 1868 καὶ

55 1907 287 1995 κατεύχονταί,
310 1929 423 1998 φησιν,
446 1903 589 1976 ἀνάκοιν
612 1906 835 1997 διοσκούροιν.
869 1913 1098 1988 Παυσανίας
1118 1910 1154 1976 ἀὲ
1172 1910 1225 1974 λέ·
1242 1935 1266 1974 15

55 2040 127 2101 γων
150 2019 208 2082 καὶ
231 2008 332 2094 αὐτὸς
349 2010 389 2082 τὸ
414 2009 571 2094 ἀνακῶς
594 2009 671 2082 ἀντὶ
687 2026 750 2083 τοῦ
768 2023 949 2101 φυλακτῶς
967 2019 1024 2082 καί
1046 2040 1226 2103 προνοητι-

101 2249 145 2304 54.
165 2251 186 2315 ¹)
204 2248 301 2304 Priora
320 2249 394 2318 apud
412 2249 490 2302 Eust.
505 2247 632 2317 pluribus
651 2248 727 2317 locis,
748 2248 783 2303 cf.
800 2250 876 2317 1704,
897 2249 938 2304 14.
958 2249 1036 2314 1406,
1054 2249 1097 2302 48.
1117 2249 1174 2317 (ubi
1192 2249 1226 2303 fr.

55 2332 236 2406 ἀναφύοησις
254 2354 289 2393 ex
307 2339 387 2393 Paus.
406 2338 525 2407 petitum
544 2337 738 2405 subsequitur).
772 2337 848 2405 Quae
867 2339 946 2393 Paus.
966 2338 1012 2392 hic
1031 2339 1091 2406 ipse
1111 2338 1145 2392 da
1164 2333 1227 2391 ἀνε-

55 2434 171 2497 νεγκεῖν
198 2443 266 2482 voce
293 2425 412 2496 profert,
441 2443 576 2495 nusquam
595 2426 705 2495 ,iterum
730 2426 855 2481 vidimus.
893 2427 1023 2481 Fortasse
1046 2427 1175 2481 Eustath.
1198 2426 1226 2480 in

55 2516 252 2571 enumerandis
271 2516 349 2572 verbi
364 2513 465 2586 φέρειν
484 2516 658 2584 compositis,
684 2515 778 2584 qualia
796 2516 826 2569 iu
845 2515 944 2570 lexicis
963 2516 1033 2569 rhet.
1050 2514 1226 2569 circumfere-

54 2606 167 2671 bantur,
185 2622 212 2674 p.
228 2606 305 2671 1787,
321 2605 535 2670 63-1788,14.,
555 2604 693 2659 atticistas
708 2603 841 2673 sequitur,
862 2621 923 2658 cum
941 2604 981 2658 ibi
999 2598 1155 2674 ἀναφέρειν
1169 2599 1227 2657 ἀπὸ

54 2695 160 2762 μανίας
177 2686 196 2762 ἢ
214 2689 305 2764 κάρον
324 2696 466 2763 adpareat.
684 2750 686 2754 ,

105 2784 148 2838 55.
169 2784 189 2848 ¹)
208 2783 289 2838 Gonu.
305 2783 372 2838 Hes.
387 2783 433 2850 qui
452 2783 544 2836 addit:
563 2784 612 2835 καὶ
631 2782 805 2852 κιθαρισταί.
835 2784 880 2836 Ad
898 2797 957 2835 rem
975 2782 1044 2837 Poll.
1059 2784 1106 2838 IV.
1121 2783 1164 2838 83.
1193 2778 1227 2835 τά

55 2871 88 2927 δὲ
108 2874 210 2942 πρῶτα
233 2875 291 2926 τῶν
315 2869 444 2939 αὐλητῶν
466 2866 625 2940 μαθήματα
648 2879 734 2941 πεῖρα
758 2873 806 2924 καὶ
824 2865 966 2941 γράνθων,
986 2902 1019 2910 -
1039 2872 1156 2926 Pausau.
1175 2871 1226 2941 igi-

54 2962 156 3016 turdo
176 2955 311 3031 γρόνθων
330 2977 410 3026 voce,
434 2976 500 3025 nou.
512 2961 547 3014 de
570 2954 750 3028 ἀναφάσησις
773 2959 843 3028 egit3
873 2959 907 3014 cf.
927 2960 998 3014 Prol.
1019 2977 1045 3029 p.
1066 2962 1107 3015 12.
1127 2965 1182 3014 not.
1202 2963 1227 3015 1.

103 3051 147 3106 56.
168 3052 186 3116 ¹)
206 3050 341 3118 Quattuor
360 3051 465 3118 glossas
483 3043 597 3111 ἀνακῶς
616 3043 740 3114 (ἀνακῶς
760 3041 854 3118 ἔχειν),
874 3044 983 3112 ἀνακοί,
1003 3045 1135 3112 ἀνάκεια,
1155 3067 1227 3119 τριτ-

54 3138 134 3200 τυλα,
156 3154 224 3206 quas
242 3138 319 3192 Eust.
340 3136 494 3202 coniunxit,
514 3152 648 3205 seponere
666 3137 756 3205 nolui,
783 3153 835 3205 quo
853 3137 951 3192 melius
971 3154 1025 3206 qua
1043 3139 1151 3193 ratione
1169 3138 1227 3192 fon-

55 3233 101 3281 tes
120 3226 152 3281 E.
172 3227 283 3294 adierit,
301 3226 494 3295 perspiciatur.
523 3225 558 3279 cf.
577 3226 649 3280 Prol.
669 3243 695 3295 p.
716 3228 758 3280 26.
778 3242 818 3295 sq.

150 3315 172 3382 ¹)
189 3315 282 3370 Etiam
302 3316 372 3370 haec
391 3314 542 3383 explicatio
561 3314 747 3369 atticistarum
766 3331 828 3368 esse
847 3315 964 3382 videtur,
984 3333 1046 3371 cum
1065 3316 1227 3386 saepissime

57 3404 164 3459 eisdem
182 3403 274 3458 verbis
293 3409 426 3458 recurrat.
451 3405 581 3458 Fortasse
595 3402 650 3458 fuit
663 3403 739 3458 Aelii
754 3404 887 3473 Dionysii.
904 3435 937 3444 —
953 3406 1034 3459 Gouv.
1049 3405 1114 3460 Hes.
1130 3406 1173 3460 ldt.
1189 3407 1226 3459 M.

55 3495 105 3558 96,
124 3494 167 3547 38.
192 3492 283 3547 Schol.
302 3493 388 3546 Thuc.
407 3492 483 3547 VIII.
504 3494 563 3547 102.
589 3492 679 3547 Schol.
699 3492 802 3547 Herod.
821 3494 843 3547 I.
863 3495 905 3548 24.
934 3495 986 3559 (ed.
1006 3494 1091 3549 Stein.
1111 3495 1234 3560 11449)

55 3582 155 3636 Galen.
175 3581 256 3650 gloss.
274 3582 408 3651 Hippocr.
427 3582 501 3636 XIX.
516 3597 544 3650 p.
563 3583 605 3636 79.
624 3582 716 3636 thn.
736 3582 812 3636 Erot.
828 3599 854 3651 p.
872 3583 915 3647 47,
936 3584 960 3649 7,
980 3582 1028 3651 qui
1046 3582 1145 3636 adicit:
1166 3577 1227 3635 ἐστὶ

57 3663 119 3738 (1ὲὴ
135 3667 211 3735 λέξις
229 3665 344 3742 δωρική.
368 3671 452 3725 Plura
465 3672 496 3724 B.
511 3672 544 3726 A.
559 3672 620 3738 391,
635 3673 658 3724 7.
678 3671 762 3738 Suid,
777 3672 850 3726 unde
870 3671 1000 3725 discimus
1020 3675 1129 3725 veteres
1143 3670 1226 3724 etiam

55 3759 91 3812 do
102 3753 216 3822 ἀνακῶς
227 3752 314 3828 ἔχειν·
333 3759 495 3829 φροντίζειν
507 3759 641 3815 nonnulla
650 3759 786 3814 attulisse.
806 3760 892 3828 Quam
908 3759 1122 3827 explicationem
1138 3765 1226 3812 veter-

57 3847 158 3902 rimam
176 3847 262 3903 luisse
277 3848 425 3917 apparebit
443 3863 459 3902 e
477 3848 549 3902 Plut.
565 3848 647 3902 Thes.
662 3865 706 3916 ap.
722 3849 763 3902 33.
784 3843 898 3911 ἀνακῶς
918 3841 992 3916 ἔχειν
1010 3843 1075 3911 τοὺς
1095 3843 1226 3914 ἐπιμελο-

58 3932 164 4002 μένους
181 3927 409 4004 ἢφυλάττοντας
428 3929 531 3990 ὁτιοῦν,
551 3939 599 3990 καί
618 3933 684 3999 τοὺς
701 3939 828 4007 βασιλεῖς
847 3931 916 3999 ἴσως
934 3928 1059 4000 ἀνακτας
1078 3931 1123 3990 διὰ
1142 3939 1226 3990 τοῦτο

56 4024 203 4078 καλοῦσιν.
225 4055 258 4063 -
278 4026 365 4080 Moar.
381 4042 407 4094 p.
429 4027 488 4093 191,
508 4028 543 4080 90
561 4025 649 4079 Bekk.
670 4027 704 4078 de
723 4020 829 4088 ἀνακές
847 4025 979 4080 vocabulo
998 4025 1066 4093 agit.

147 4112 169 4176 ⁸)
188 4109 291 4167 ἀνακοί
304 4112 393 4169 forma
407 4114 496 4169 rarior
510 4114 570 4169 fuit.
590 4113 720 4168 Recurrit
735 4131 778 4182 ap.
789 4114 867 4168 Eust.
878 4115 938 4179 345,
955 4115 1005 4179 13.,
1021 4114 1064 4170 Et.
1080 4115 1119 4169 M.
1135 4116 1177 4180 96,
1192 4115 1226 4169 39

55 4205 102 4269 (ex
122 4201 283 4269 Methodio).
302 4233 337 4242 -
357 4194 472 4267 Ἄνακας
495 4203 638 4258 Castorem
662 4208 690 4256 et
708 4203 848 4257 Pollucem
873 4218 890 4256 a
913 4202 1053 4258 veteribus
1071 4204 1226 4274 appellatos

56 4305 120 4344 esse
138 4289 321 4346 multifariam
336 4291 464 4357 traditur,
485 4291 519 4346 cf.
529 4293 616 4346 Moer.
631 4292 649 4346 l.
664 4291 682 4346 l.
698 4292 764 4346 Hes.
781 4308 802 4347 s.
818 4309 842 4348 v.
858 4285 974 4356 ἀνακας.
989 4292 1078 4348 Schol.
1093 4293 1159 4349 Luc.
1174 4294 1226 4347 vol.

55 4379 102 4434 IV.
123 4379 185 4434 252.
204 4379 340 4436 Jacobitz.
359 4379 432 4435 Plut.
450 4380 587 4436 Num.13.
