3000 5040
728 226 770 291 59

164 409 213 463 οος
241 384 367 472 εἴρηται
394 387 650 472 ααροχοομένον
679 379 713 473 <ὃ
741 382 889 472 πάροχος
911 386 1043 472 κεῖται>.
1091 387 1210 453 Eadem
1233 389 1332 471 igitur

165 493 349 577 explicatio,
376 494 486 559 eadem
514 495 595 559 mira
623 493 826 578 etymologial
852 533 892 542 -
916 494 1107 560 Pausaniam
1133 516 1192 560 sua
1219 516 1257 560 ex
1279 495 1332 560 Ar.

164 601 240 686 Byz.
258 601 387 685 petiisse
410 602 579 682 crederem,
602 601 664 666 nisi
687 600 863 667 Pausaniae
886 622 999 666 nomen
1021 603 1056 666 in
1079 603 1235 686 excerptis
1257 601 1331 668 Ari-

165 707 350 792 stophanois
378 707 530 772 adhibitis
557 708 650 791 plane
676 708 808 773 deesset.
854 709 944 773 Alter
967 729 1041 773 vero
1065 713 1174 775 auctor
1196 710 1334 775 accurrit

165 813 443 879 Chalcenterus
475 813 577 880 Schcl.
600 815 674 879 Eur.
698 815 750 880 Or.
777 815 871 880 1384.
898 806 939 879 τὸ
973 808 1153 899 ἁρμάτειον
1183 814 1282 900 μέλος
1313 808 1332 883 ὁ

165 921 309 1005 Δὶὁυμός
317 920 343 1006 1)
367 938 468 1007 φησιν
488 914 699 1006 οάνομάσθαι,
722 913 775 987 ὅτι
798 918 832 985 αἱ
853 913 984 1007 άρχαῐαι
1002 921 1171 1007 παρθένοι
1191 915 1245 988 διά
1263 930 1334 988 τῶν

166 1021 326 1114 ἁρμάτων
349 1021 480 1114 ἤγοντο.
511 1019 596 1093 ὅθεν
619 1024 668 1092 ἔτι
691 1029 748 1092 καὶ
771 1035 833 1093 νῦν
851 1023 994 1113 τιάροχοι
1013 1027 1167 1113 λέγονται
1184 1021 1252 1095 άιιὸ
1271 1036 1334 1096 τοῦ

166 1147 238 1212 τοῖς
257 1127 346 1218 ὄχεσι
368 1140 600 1220 παροχεϊσθαι.
625 1134 707 1221 (cod.
726 1135 972 1222 ταρεδεῖσθαι).
1006 1136 1127 1201 Eadem
1148 1137 1246 1219 igitur
1264 1143 1332 1223 ety-

167 1243 305 1326 mologia
327 1243 456 1307 tertium
480 1242 574 1319 redit,
596 1243 680 1307 unde
698 1242 867 1326 Didymum
889 1242 931 1307 ab
949 1241 1161 1327 Aristophane
1184 1243 1257 1328 Byz.
1276 1267 1334 1310 sua

163 1349 314 1434 petivisse
346 1353 490 1433 apertum
523 1353 578 1414 est.
609 1387 650 1397 -
683 1349 872 1414 Pausaniam
902 1371 966 1414 non
999 1350 1161 1434 Euripidis
1189 1351 1333 1417 Orestam

165 1456 341 1539 respexisse
369 1477 408 1520 ex
436 1455 504 1522 loco
531 1456 703 1540 Euripideo
736 1457 805 1539 ipso
832 1455 1035 1521 manifestum
1063 1463 1118 1522 est.
1164 1457 1273 1541 Neque
1300 1461 1334 1525 id

165 1563 337 1647 Didymum
359 1563 428 1628 loco
450 1562 506 1627 illo
530 1562 655 1640 fecisse,
682 1569 719 1628 ut
741 1563 927 1646 Euripidem
950 1563 1134 1647 exphcaret‚
1162 1586 1201 1628 cx
1223 1564 1334 1629 eadem

166 1690 263 1735 causa
284 1669 363 1734 mihi
386 1670 545 1735 concedes.
566 1708 608 1717 —-
631 1669 774 1755 Uterque
798 1670 1039 1753 explicationem
1062 1676 1095 1735 et
1114 1671 1334 1755 etymologiam

164 1775 295 1842 aliunde
316 1778 507 1860 petiverunt,
528 1778 548 1842 i.
568 1799 593 1843 e.
613 1797 651 1841 ex
671 1775 891 1860 Aristophanis
914 1777 996 1843 libro
1019 1778 1097 1863 περὶ
1120 1785 1332 1863 συγγενικῶν.

166 1923 209 1932 -
233 1884 349 1950 Utrum
372 1884 545 1950 Pausanias
568 1904 625 1949 sua
647 1904 686 1948 ex
708 1883 921 1968 Aristophane
948 1885 1017 1968 ipso
1041 1886 1271 1969 deprompserit
1294 1908 1335 1950 an

165 1991 337 2076 Didymum
364 1992 471 2074 potius
499 1992 629 2067 adierit,
661 1989 790 2055 difficile
824 1997 871 2056 est
898 1991 940 2056 ad
967 1993 1207 2058 diiudicandum
1233 2014 1334 2077 neque

165 2099 302 2164 multum
325 2098 433 2176 refert,
455 2099 541 2182 quod
559 2098 713 2182 Didymus
736 2098 804 2182 ipse
827 2099 868 2163 ad
890 2099 1064 2182 principem
1087 2097 1335 2166 Alexandrinum

166 2205 361 2290 confugerat.
395 2205 621 2272 Observatione
640 2210 747 2270 autem
766 2206 822 2270 illa
839 2207 887 2270 uti
905 2227 1079 2289 possumus,
1102 2212 1139 2271 ut
1158 2208 1254 2272 etiam
1272 2208 1336 2271 alia

165 2313 347 2397 fragmenta
360 2313 572 2379 atticistarum
591 2313 632 2376 ad
651 2318 795 2378 auctores
815 2313 967 2396 genuinos
986 2314 1180 2379 reducamus.
1196 2351 1238 2360 -
1256 2313 1334 2379 Poll.

164 2419 380 2486 11130-50
412 2420 451 2485 de
478 2418 709 2485 necessitudine
737 2424 769 2484 et
797 2418 1100 2504 consanguineorum
1128 2427 1160 2484 et
1191 2418 1334 2484 affinium

165 2528 249 2612 agit,
276 2548 354 2612 quas
381 2526 597 2610 paragraphos
625 2527 763 2610 pendere
787 2546 825 2590 ex
848 2527 901 2590 Ar.
920 2527 993 2611 Byz.
1012 2527 1075 2592 iam
1098 2527 1223 2592 Fresen.
1242 2549 1272 2610 p.
1294 2527 1331 2590 ll

168 2635 264 2700 -14.
289 2632 524 2699 demonstravit.
569 2633 716 2698 Redeunt
748 2653 821 2697 vero
854 2631 1032 2716 fragmenta
1064 2655 1144 2718 quae
1175 2634 1335 2699 atticistae

166 2740 394 2817 adhibuerunt,
425 2738 659 2823 Aristophanea
680 2734 790 2824 γάλοις
813 2740 846 2826 (ξ
870 2740 936 2817 32,
960 2740 997 2806 cf.
1020 2763 1049 2825 p.
1073 2740 1140 2827 41.)
1169 2745 1201 2806 et
1229 2739 1334 2827 φέρνη

166 2853 200 2932 (ξ
219 2847 281 2925 35,
300 2847 337 2913 cf.
351 2869 381 2931 p.
397 2846 464 2932 49).
498 2846 571 2911 Alia
588 2848 689 2930 plura,
708 2853 744 2911 ut
763 2853 874 2932 θῆσσα
893 2846 986 2932 (Mill.
1006 2845 1077 2912 Mel.
1097 2870 1126 2931 p.
1146 2847 1227 2933 432)
1246 2842 1334 2934 τηθή

168 2955 262 3041 (Μ111.
281 2953 353 3020 Mel.
371 2953 391 3020 1.
409 2953 455 3039 l),
477 2949 707 3040 coeperintque
726 2955 760 3038 (ξ
779 2955 840 3029 31,
863 2954 900 3018 cf.
920 2953 996 3022 Mill.
1018 2952 1088 3021 Mel.
1107 2955 1125 3020 l.
1144 2955 1188 3041 1.),
1211 2955 1335 3020 laudari

165 3066 306 3146 possunt.
339 3061 391 3125 Ita
410 3061 505 3125 etiam
525 3065 553 3142 ξ.
571 3062 624 3126 40.
649 3052 667 3125 ὃ
692 3060 727 3125 δὲ
751 3056 957 3144 καλούμενος
975 3057 1238 3148 ταράνομφος
1257 3085 1334 3146 νυμ-

168 3159 293 3254 φεοτὴς
321 3159 520 3252 ὀνομάζεται
544 3168 600 3232 καὶ
621 3162 803 3252 πάροχος.
838 3166 893 3232 ἐπὶ
921 3164 1056 3253 ζεύγους
1081 3161 1143 3254 γάρ
1171 3161 1230 3246 τάς
1253 3165 1334 3252 νύμ-

166 3299 234 3359 φας
265 3267 311 3352 ὡς
343 3266 383 3339 τὸ
416 3265 505 3340 πολὺ
532 3270 703 3358 μετῄεσαν.
749 3275 870 3339 Eadem
898 3275 995 3358 igitur
1023 3277 1213 3360 etymologia
1240 3282 1335 3359 atque

166 3381 411 3465 Aristophanea.
437 3422 479 3430 —-
502 3382 596 3447 Unde
624 3383 766 3447 conicere
794 3381 868 3446 licet
891 3383 988 3447 etiam
1010 3383 1089 3448 alias
1112 3382 1335 3466 explicationes

165 3488 305 3554 Pollucis
314 3488 356 3576 l)‚
384 3510 465 3574 quae
493 3511 562 3553 cum
586 3489 734 3554 atticistis
757 3490 969 3566 consentiant,
996 3491 1038 3554 ad
1061 3489 1195 3554 eundem
1217 3489 1336 3555 fontem

165 3596 356 3679 redigendas
383 3616 460 3661 esse.
506 3595 572 3660 Nec
604 3596 719 3660 desunt
752 3597 874 3679 glossae
902 3595 1119 3661 Pausanianae
1152 3595 1219 3680 (ille
1252 3595 1336 3659 enim

165 3701 254 3768 solus
277 3703 317 3768 de
338 3703 460 3787 nuptiis
483 3707 515 3767 et
538 3701 646 3768 usibus
669 3702 864 3786 nuptialibus
887 3703 966 3786 egit,
989 3701 1072 3766 Aelii
1096 3702 1238 3785 Dionysii
1261 3703 1335 3767 doc-

165 3810 255 3874 trina
276 3808 363 3874 hisce
386 3810 420 3873 in
442 3809 538 3874 rebus
561 3809 746 3892 plerumque
769 3808 885 3895 deest),
912 3830 993 3893 quae
1018 3831 1089 3874 cum
1111 3808 1239 3873 Polluce
1262 3829 1335 3873 con-

258 4007 279 4072 l)
299 4007 342 4060 An
366 4011 443 4060 recte
467 4006 503 4060 ad
526 4006 737 4060 commentarios
756 4004 920 4074 Euripidem
943 4004 1082 4059 referatur
1101 4004 1248 4073 (Schmidt,
1271 4005 1334 4059 Did.

166 4113 194 4166 p.
209 4094 292 4164 2451,
311 4095 424 4150 dubium
444 4098 494 4149 est.
531 4095 577 4149 Ad
595 4095 672 4149 lexin
691 4093 825 4162 tragicam
844 4093 1049 4163 respiciendum
1068 4109 1129 4148 esse
1149 4098 1223 4163 puto.

259 4184 279 4252 1)
297 4185 353 4239 Res
376 4183 440 4239 ideo
464 4182 606 4238 difficilior
629 4189 684 4249 est,
710 4185 783 4251 quod
800 4184 899 4237 Pollux
921 4183 1012 4238 fontes
1030 4198 1169 4253 nunquam
1188 4178 1336 4249 αὐτολεξεὶ

166 4272 296 4328 adhibuit
308 4277 337 4328 et
349 4272 379 4326 in
392 4288 424 4328 eo
438 4275 546 4328 tantum
560 4273 708 4342 acquievit,
722 4276 753 4327 ut
765 4288 898 4327 sensum
912 4273 1064 4343 glossarum
1078 4277 1107 4328 et
1119 4272 1334 4344 explicationum

166 4363 311 4418 retineret.
