3000 5040
813 251 849 294 VI

249 396 281 456 ct
299 391 575 475 grammaticorum
603 391 796 457 Graecorum
828 390 1067 457 describendam
1099 390 1330 476 proficeremus.
1380 390 1414 455 Si

248 517 354 599 igitur,
381 536 462 598 quae
488 486 546 580 hic
568 515 633 580 illic
661 516 803 580 conicere
827 519 860 581 et
882 520 1008 582 tentare
1030 519 1136 582 conati
1159 537 1278 593 sumus,
1304 520 1414 600 postea

248 639 456 724 improbanda
469 638 669 716 videbuntur,
687 639 773 724 quod
786 640 918 706 meliora
932 641 1051 706 auxilia
1068 646 1196 724 praesto
1214 640 1298 705 facta
1312 646 1414 715 erunt,

248 765 378 843 auctori,
401 766 435 829 in
457 765 580 848 magnis
602 764 795 830 voluntatem
817 765 895 831 satis
918 786 985 832 esse
1008 765 1143 850 putanti,
1167 767 1353 850 ignoscatur.

337 889 417 954 Tum
448 911 522 954 vero
554 911 605 955 me
636 890 849 973 vituperatum
880 890 921 955 iri
952 895 1043 975 puto,
1075 891 1161 975 quod
1192 889 1292 956 multo
1323 891 1416 973 plura

248 1014 408 1080 Eustathii
425 1014 522 1080 rerba
540 1015 642 1091 attuli,
660 1035 755 1099 quam
772 1035 883 1081 revera
900 1015 1049 1081 atticistis
1068 1014 1252 1081 debeantur.
1285 1015 1416 1080 Duabus

249 1141 289 1206 de
320 1140 422 1206 causis
453 1139 501 1205 ita
531 1140 764 1223 procedendum
797 1160 864 1205 esse
892 1141 1081 1205 censuimus:
1119 1139 1203 1224 quod
1229 1139 1415 1205 Eustathius

249 1264 400 1350 singulari
432 1263 569 1347 quadam
600 1263 750 1329 methodo
783 1265 960 1330 accuratius
991 1265 1024 1328 in
1056 1264 1285 1348 prolegomenis
1316 1264 1414 1347 expli-

249 1396 321 1455 cata
342 1389 442 1456 lexica
465 1388 676 1454 atticistarum
699 1387 865 1454 delibavit:
889 1390 974 1474 quod
995 1388 1180 1472 fragmenta,
1202 1393 1238 1453 ut
1261 1390 1308 1453 ita
1330 1389 1415 1454 dica-

248 1536 326 1592 mus,
346 1515 433 1580 nuda
454 1535 637 1600 proponere,
659 1513 829 1597 praecipue
851 1515 884 1578 in
903 1513 998 1579 rebus
1016 1513 1228 1598 grammaticis
1247 1518 1279 1578 et
1297 1513 1414 1577 lexico·

248 1639 415 1724 graphicis,
433 1660 546 1723 parum
560 1639 638 1703 mihi
653 1659 720 1704 esse
738 1637 913 1704 videbatur.
937 1639 983 1704 Ut
1002 1638 1094 1715 enim,
1113 1639 1167 1723 qui
1186 1636 1257 1704 fieri
1275 1639 1416 1722 potuerit

249 1787 322 1830 rara
344 1766 498 1848 quaedam
522 1762 630 1841 herba,
652 1762 825 1847 quibusda
848 1764 950 1830 causis
968 1762 1099 1829 floribus
1121 1784 1141 1828 a
1163 1767 1339 1828 ceterorum
1361 1784 1415 1846 ge-

248 1911 323 1956 nere
342 1889 474 1955 diversis
492 1894 631 1967 ornetur,
654 1888 772 1973 optime
791 1909 958 1973 cognosces
977 1910 1016 1954 ex
1034 1888 1121 1954 humi
1139 1888 1218 1966 loco,
1240 1889 1323 1954 unde
1346 1894 1416 1952 orta

249 2017 299 2091 sit,
317 2016 365 2080 ita
378 2014 420 2080 ad
438 2014 715 2098 grammaticorum
732 2018 914 2079 nostrorum
932 2015 1104 2080 sententias
1122 2020 1208 2079 reete
1231 2013 1415 2097 intellegen-

250 2142 307 2207 das
329 2140 500 2224 plurimum
522 2139 692 2204 allaturum
716 2159 784 2204 esse
806 2140 928 2223 putavi,
953 2144 987 2204 ut
1008 2160 1099 2205 voces
1122 2139 1240 2204 vicinas
1263 2144 1295 2203 et
1319 2158 1415 2203 enun-

248 2267 329 2331 tiata
351 2265 494 2348 proxima
516 2285 536 2329 a
557 2263 743 2348 fragmentis
766 2264 843 2348 ipsis
865 2284 929 2329 non
950 2284 1169 2330 resecaremus.

338 2390 500 2459 Postremo
527 2392 633 2454 autem
660 2389 783 2455 cautius
809 2410 878 2454 esse
900 2390 1009 2473 putavi
1032 2409 1069 2454 ea
1090 2387 1309 2454 tantummodo
1331 2386 1415 2470 frag-

249 2521 365 2592 menta,
388 2535 470 2598 quae
492 2519 657 2580 auctorum
679 2513 857 2580 nominibus
880 2513 957 2598 ipsis
980 2514 1126 2598 praedita
1148 2518 1330 2597 appareant,
1352 2511 1415 2576 ool·

248 2640 348 2724 ligere
371 2644 403 2705 et
425 2639 594 2705 illustrare.
639 2638 756 2705 Lerina
777 2660 851 2705 vero
875 2640 944 2724 ipsa
966 2638 1177 2704 atticistarum
1199 2638 1416 2719 redintegrare

249 2787 313 2830 non
336 2766 405 2831 ausi
428 2785 543 2840 sumus,
566 2764 626 2830 etsi
647 2765 766 2830 nemini
784 2764 896 2830 talium
914 2785 1020 2830 rerum
1041 2765 1145 2848 perito
1168 2763 1263 2829 hodie
1286 2762 1415 2827 demon-

249 2890 415 2955 strandum
438 2892 507 2966 erit,
530 2890 629 2955 multo
651 2889 752 2973 plura,
775 2911 856 2973 quae
874 2889 911 2954 Α.
929 2889 1071 2973 Dionysii
1096 2894 1127 2954 et
1145 2888 1320 2953 Pausaniae
1343 2888 1416 2962 sint,

249 3015 283 3078 in
304 3014 413 3079 lexicis
437 3014 617 3096 sequiorum
639 3013 844 3092 circumferri,
871 3035 975 3097 quam,
998 3035 1078 3099 quae
1105 3013 1167 3097 ipsi
1195 3011 1415 3094 congessimus.

250 3137 301 3202 Ita
323 3139 405 3204 enim
428 3136 714 3204 fundamentum
745 3138 909 3204 solidum
942 3145 1065 3205 struere
1096 3137 1188 3203 nobis
1214 3138 1274 3203 risi
1301 3157 1416 3212 sumus,

250 3264 282 3328 in
306 3284 367 3348 quo
390 3265 473 3347 ipsa
495 3263 564 3328 illa
586 3263 697 3329 aedes
725 3264 918 3329 atticismo
945 3262 1149 3347 purissimo
1177 3283 1284 3327 sacra
1311 3283 1331 3326 a
1357 3281 1414 3343 po-

250 3387 446 3465 sterioribus,
469 3390 496 3456 si
518 3388 586 3455 Deo
608 3389 722 3474 placet,
745 3392 932 3454 exstruatur.
