3000 5040
620 199 664 276 49

149 365 313 449 Quartus
344 369 426 435 liber
457 370 720 454 Aristophaneus,
752 393 845 455 quem
877 370 1036 436 atticistae
1069 392 1160 436 suum
1192 373 1226 436 in

57 499 152 542 usum
174 482 372 553 vocaverunt,
395 477 457 541 fuit
479 478 557 563 περὶ
578 484 661 542 τοῦν
684 470 1027 562 ὑποπτευομένων
1048 469 1096 564 μὴ
1121 477 1225 566 εἰρῆ-

59 591 154 650 σθαι
172 594 256 660 τοῖς
274 587 459 661 παλαιοῖς
479 583 532 671 (cf.
552 583 629 650 Mill.
648 582 721 648 Mel.
739 607 768 669 p.
787 585 861 648 427.
872 606 916 668 sq.
936 584 1059 668 Fragm.
1077 585 1147 650 Par.
1166 589 1186 668 ὅ
1207 587 1223 650 1

58 691 155 755 -10,
174 691 222 755 17.
237 689 275 755 cf.
290 690 410 756 Nauck.
424 713 454 774 p.
471 692 521 756 80.
536 690 571 755 L.
587 690 684 768 Oohn,
699 690 831 757 Jahrbb.
846 691 953 775 Suppl.
963 691 1035 755 XII.
1050 713 1080 774 p.
1091 692 1155 757 288
1165 691 1225 778 sq.)

59 835 100 846 -
125 797 266 861 Primum
292 795 516 881 fragmentum,
544 799 630 880 quod
653 798 809 875 occurrit,
826 804 887 863 est:
921 795 1053 885 φερνή.
1082 789 1228 885 ἡπροίξ

58 904 115 990 (de
133 909 263 969 accentu
281 903 461 988 ambigitur,
480 904 514 970 P.
535 904 641 991 φέρνη
661 905 812 992 exhibet).
845 905 965 970 Eadem
982 906 1016 968 in
1033 905 1134 970 lexico
1154 905 1225 971 rhe-

56 1017 118 1076 tor.
141 1031 190 1095 ap.
213 1010 300 1075 Eust.
324 1034 354 1094 p.
379 1011 458 1089 742,
480 1010 532 1076 58.
561 1011 680 1099 φέρνη·
710 1003 819 1097 δοορεδι
849 1013 982 1097 γυναικὶ
1010 1012 1166 1099 διδομένη
1194 1019 1226 1078 et

56 1140 88 1200 p.
111 1117 205 1194 1488,
222 1117 275 1181 44.
295 1117 349 1202 (cf.
368 1117 405 1182 fr.
424 1118 498 1182 442.
517 1125 582 1183 not.
605 1118 656 1206 l.),
679 1110 799 1204 φερνή·
827 1111 848 1204 ἦ
871 1124 980 1203 προῖξ,
1002 1107 1044 1204 ἢν
1067 1121 1124 1184 καὶ
1147 1119 1225 1207 φέρ-

56 1247 122 1310 νην
152 1224 241 1301 τινές
272 1241 354 1307 φασι
385 1221 590 1310 βαρυτόνοος.
622 1265 661 1274 -
695 1225 872 1292 Secundum
905 1227 961 1291 sit:
998 1217 1225 1311 ἄρδαλοῦσαι

56 1331 152 1416 (Mill.
172 1329 243 1396 Mel.
262 1331 281 1396 l.
300 1332 335 1417 l.)
359 1329 415 1397 aa
437 1339 487 1417 cpi
508 1337 666 1417 μολῦναι,
690 1339 722 1398 et
745 1334 833 1398 Eust.
852 1355 881 1416 p.
905 1333 999 1408 1761,
1020 1332 1068 1397 19.
1089 1332 1223 1418 (Nauck.

54 1460 86 1522 p.
107 1437 187 1524 203)
211 1434 372 1503 συνάπτει
396 1439 432 1504 δὲ
454 1435 588 1517 τούτοις
609 1431 743 1521 ξενικὸν
761 1441 818 1504 καὶ
835 1431 875 1505 τὸ
895 1431 1097 1525 ἄρδαλιῦσαι,
1119 1433 1224 1526 ἤγουν

54 1548 200 1629 μολῦναι
221 1545 428 1631 προσφέρων
451 1548 509 1610 καὶ
531 1538 570 1612 τὸ

146 1643 209 1738 τὴν
230 1651 292 1737 μὲν
316 1645 424 1738 δρδαν
443 1645 505 1718 ἄπ’
525 1652 606 1737 ἐμοῦ
625 1649 807 1738 σπόγγισον
826 1652 985 1741 (Pherecr.
1003 1677 1033 1737 p.
1052 1653 1104 1718 53.
1123 1654 1225 1740 Kock)

56 1759 115 1823 καὶ
137 1750 178 1823 τὸ

146 1861 330 1950 Αἰγύπτιος
348 1864 530 1952 θοίμάτιον
548 1860 725 1954 ἦρδάλοοσέ
740 1891 806 1951 μου
825 1868 971 1953 (Philam.
990 1867 1027 1932 fr.
1043 1868 1094 1933 59.
1113 1869 1225 1956 Kock).

56 1972 244 2055 Exemplum
268 1980 317 2039 est
339 1975 423 2038 inter
445 1996 546 2058 pauca
564 1974 776 2040 memorabile.
804 1975 853 2038 Ex
871 1975 1031 2040 Eustathii
1055 1976 1138 2040 enim
1156 1976 1225 2041 loco

58 2077 204 2156 efficitur,
222 2080 468 2164 Aristophanem
487 2102 549 2146 non
567 2082 670 2146 solum
689 2082 728 2146 de
747 2073 939 2167 ἄρδαλοῦσαι
955 2104 1037 2159 voce,
1056 2084 1110 2146 sed
1130 2084 1225 2147 etiam

57 2185 98 2250 de
123 2177 215 2272 ἅρδη,
239 2187 302 2271 (vel
321 2178 476 2275 ἅρδαλὶα)
499 2190 655 2271 quaedam
677 2188 768 2253 nobis
791 2189 970 2272 protulisse,
993 2189 1030 2254 cf.
1051 2189 1146 2255 Cohn.
1166 2191 1185 2254 l.
1205 2191 1224 2253 l.

57 2315 87 2376 p.
107 2292 181 2357 291.
200 2315 245 2383 sq.
291 2293 342 2359 Ita
370 2302 490 2372 autem,
517 2301 553 2360 ut
576 2296 821 2379 Aristophanem
849 2296 1021 2379 explicasse
1048 2297 1225 2374 statuimus,

57 2401 159 2463 tradit
181 2400 354 2467 Pausanias
376 2424 425 2487 ap.
443 2403 532 2468 Eust.
551 2426 580 2486 p.
602 2403 675 2479 707,
694 2403 746 2467 35.
767 2401 818 2489 (fr.
838 2403 904 2487 66.)
929 2401 957 2466 εἰ
981 2402 1017 2467 δὲ
1040 2404 1097 2466 καὶ
1116 2394 1135 2466 ὃ
1159 2396 1224 2488 ἄρ-

58 2506 179 2582 δαλος
206 2507 263 2570 καὶ
290 2499 330 2573 τὸ
359 2500 590 2594 ἅρδαλῶσαι
612 2510 669 2573 καὶ
691 2500 711 2595 ἢ
736 2500 939 2595 ἄρδαλὶαῑ)
968 2506 1005 2572 ἐκ
1028 2515 1091 2572 τοῦ
1113 2505 1224 2574 τοιού-

56 2635 120 2677 του
143 2614 269 2697 γίνεται
287 2610 432 2701 ῥήματος
452 2616 508 2702 (sc.
528 2610 646 2702 ἄρδιν),
670 2608 732 2680 οῦκ
757 2612 825 2680 ἐ’στι
850 2621 1024 2701 σταθερῶς
1047 2613 1222 2700 ἐπικρῖναι.

55 2719 143 2796 τέοος
167 2720 203 2786 δὲ
226 2713 325 2786 κατὰ
348 2723 578 2788 Παυσανίαν
605 2717 814 2809 Φερεκράτης
840 2736 933 2788 ποιεῖ
957 2713 1033 2788 τινὰ
1062 2718 1223 2806 ἐκμασσό-

54 2848 162 2910 μενον
185 2818 254 2893 ἀπὸ
278 2837 426 2914 πυρετοῦ
449 2829 603 2914 λέγοντα·

147 2924 210 2999 τδν
233 2932 359 3021 ἱδροῦτα
382 2938 439 3001 καὶ
460 2929 523 3022 τὴν
546 2929 710 3022 αρδαλὶαν
734 2928 796 3002 ἀπ’
815 2934 896 3021 ἐμοῦ
921 2931 1111 3021 σπόγγισον.

56 3185 115 3238 lem
134 3187 164 3238 et
181 3184 309 3239 Photium
329 3185 477 3241 discrimen
497 3186 654 3242 intercedit.
683 3182 766 3255 δρεδς
790 3187 865 3240 enim
883 3185 1043 3240 Aristotelis
1062 3191 1090 3238 et
1107 3178 1225 3252 ἡμίονος

55 3271 152 3327 Photii
174 3272 259 3328 iidem
283 3280 347 3328 sunt
370 3271 465 3345 (δρεὺς
489 3282 516 3329 et
539 3268 656 3344 ἡμίονος
679 3277 774 3330 eodem
799 3291 880 3329 sensu
899 3275 954 3329 iam
974 3291 1017 3343 ap.
1037 3275 1151 3328 Aristot.
1169 3275 1187 3327 l.
1205 3276 1223 3328 l.

57 3360 252 3433 adhibenturt)
270 3394 305 3402 —
329 3364 381 3433 Qui
405 3364 592 3433 discrepantia
615 3364 755 3419 notionum
774 3381 817 3433 ap.
836 3364 1051 3433 Aristophanem
1070 3369 1100 3417 et
1118 3363 1224 3417 Aristo-

56 3450 143 3504 telem
162 3451 297 3521 explicari
316 3453 416 3522 possit,
441 3454 601 3522 enucleant,
620 3455 667 3523 qui
685 3454 755 3509 talia
773 3470 872 3508 eruere
891 3453 1013 3522 cupiant.
1047 3454 1101 3506 Illa
1120 3452 1223 3506 discre-

55 3539 156 3608 pantia
174 3545 266 3596 autem
279 3542 320 3595 uti
336 3557 488 3610 possumus,
507 3546 539 3597 ut
550 3543 655 3598 Naberi
669 3544 750 3614 (Prol.
764 3546 806 3608 75)
826 3542 982 3612 opinionem
1001 3543 1084 3610 plane
1102 3541 1223 3596 futtilem

56 3628 219 3696 reiciamuS,
244 3631 459 3700 Aristophanem
477 3632 640 3701 Byzantium
664 3631 859 3701 conscripsisse
884 3632 1023 3700 epitomen
1042 3631 1113 3683 Hist.
1131 3629 1223 3684 Anim.

57 3717 253 3773 Aristoteleae.
274 3751 308 3758 —
327 3720 468 3774 Eustathii
487 3726 595 3775 tantum
614 3722 717 3789 locum,
740 3721 770 3774 in
790 3737 842 3789 quo
861 3713 1165 3788 Νευο11.1.1.ἄγεννῆς
1184 3710 1224 3771 ὢν

57 3801 91 3859 τὸ
110 3803 239 3877 μέγεθος
257 3809 375 3863 delenda
394 3825 454 3863 esse
468 3809 573 3876 statuit,
594 3811 633 3864 sic
646 3810 847 3865 restituendum
861 3825 921 3862 esse
934 3811 1012 3876 puto:
1033 3803 1065 3860 τὸ
1085 3803 1117 3871 ἐξ
1133 3802 1224 3860 ἵππου

57 3891 175 3966 πατρὸς,
189 3899 237 3950 καὶ
249 3888 319 3952 ὄνον
328 3893 435 3969 μητρὸς
444 3896 584 3968 γεννηθὲν
598 3894 715 3969 <ἰ’ννος,>
730 3899 824 3968 γὶννος
837 3894 897 3966 <δ’>
913 3892 1043 3950 ἐκαλεῖτο
1056 3891 1089 3949 τὸ
1104 3891 1225 3965 ἀγεννὴς

58 3976 100 4038 (δν
117 3980 150 4038 τὸ
169 3983 303 4055 μέγεθος.

148 4075 170 4141 1)
188 4075 318 4129 Fortasse
341 4071 358 4144 ἡ
378 4067 451 4147 δρδα
469 4079 519 4131 καὶ
537 4083 602 4132 ante
621 4069 637 4144 ἡ
658 4073 777 4146 δρδαλία
798 4074 914 4140 excidit,
943 4074 1007 4142 [nisi
1025 4090 1119 4128 vocem
1138 4069 1224 4146 ἄρσα-

58 4161 122 4216 λίαν
145 4161 254 4218 omniuo
279 4163 440 4233 extinguere
464 4165 571 4235 mavis]:
601 4165 671 4220 illud
690 4165 763 4219 enim
782 4164 944 4219 vocabulum
962 4179 1076 4218 necesse
1096 4180 1169 4230 esse,
1193 4170 1224 4218 ut

58 4266 154 4306 versus
171 4251 372 4308 Pherecratem
390 4254 565 4324 restituatur,
590 4257 692 4310 dudum
716 4258 836 4320 constat,
855 4252 890 4307 cf.
908 4252 1039 4307 Meiueke
1062 4254 1080 4307 l.
1098 4254 1117 4308 l.
1136 4254 1223 4308 Kock.

56 4339 107 4394 1.l.
121 4339 187 4395 Hes.
201 4333 285 4412 oipdc·
305 4345 456 4411 μολυσμος.

996 4433 1014 4486 4
