3000 5040
679 238 723 302 92

209 399 259 465 15.
297 399 473 464 Eustath.
500 421 530 482 p.
559 397 638 475 355,
666 398 717 463 38.
754 397 984 473 Παυσανίας
1016 395 1054 462 δέ
1085 412 1208 483 φησιν,
1241 387 1291 462 ὅτι

117 499 179 592 τήν
196 498 446 590 Ἀδράστειαν
470 501 588 589 ἑτέραν
612 513 669 591 τῆς
688 503 863 588 Νεμέσεως
886 495 1112 568 ὑποτίθενταί
1135 525 1238 583 τινες,
1260 501 1292 568 οἱ

119 613 154 678 δέ
177 604 240 698 τήν
263 604 368 698 αύτήν
391 618 432 694 τῇ
451 612 591 695 Νεμέσει
615 603 683 677 άπὸ
703 604 892 695 Ἀδράστου,
916 601 969 674 ὅτι
986 605 1092 694 μόνος
1110 616 1184 676 τῶν
1209 602 1291 675 ἑπτά

118 721 243 795 σωθεὶς
265 714 370 802 μόνος
391 714 495 783 πάλιν
517 710 580 783 τὸν
604 715 680 783 υίδν
705 710 871 798 ἀπέβαλεν
895 704 932 781 έν
955 727 1026 792 τοϊς
1050 713 1232 801 ἐπιγόνοις.
1260 715 1291 782 oi

90 827 153 892 εδὲ
177 817 246 891 άπὸ
264 818 451 910 Ἀδράστου,
475 826 587 911 φησὶν,
611 829 731 890 Μυσοῦ
749 825 793 909 (l)
814 821 1037 908 ἱδρυσαμένου
1061 814 1165 910 αὐτῆς
1189 820 1288 909 ἱεράν.

116 932 250 1014 βέλτιον
273 931 320 1011 δέ,
343 948 455 1018 φησιν,
479 923 547 997 άπὸ
570 938 633 996 τοῦ
655 929 758 1016 μηδὲν
783 921 888 1016 αὐτὴν
912 922 1176 1014 ἀποδιδράσκειν
1187 931 1224 1016 ¹).

209 1039 258 1104 16.
294 1038 405 1103 Bekk.
430 1038 493 1102 An.
515 1060 544 1120 p.
570 1038 649 1113 362,
672 1039 701 1102 3.
735 1032 800 1101 αἶα
810 1040 835 1122 ¹)
859 1027 902 1101 τὰ
925 1031 1088 1120 λεγόμενα
1116 1029 1170 1102 δα.
1200 1029 1289 1118 φυτὰ

119 1146 156 1211 δέ
178 1144 277 1211 ἐστιν.
311 1140 521 1221 Διονύσιος
544 1143 581 1208 δέ
603 1160 696 1229 φησι·
729 1135 771 1207 τά
797 1142 833 1208 δὲ
857 1136 900 1207 ύα
922 1141 1010 1218 τινές
1036 1137 1160 1226 βάμμα.
1198 1140 1233 1209 οἱ
1256 1143 1289 1207 δὲ

117 1260 136 1327 †
159 1248 225 1332 αἶα,
249 1249 281 1317 οἱ
306 1251 342 1317 δὲ
365 1246 504 1315 λεόνεον
526 1244 845 1335 προσαγορεύουσιν.

79 1382 104 1420 ιο
210 1359 259 1422 17.
291 1358 465 1424 Eustath.
488 1380 518 1441 p.
543 1358 621 1432 603,
652 1358 701 1420 16.
742 1355 882 1432 Αίλιος
910 1349 1123 1431 Διονύσιός
1152 1354 1289 1440 φησινῑ)

119 1465 233 1550 αἰγὶς·
262 1455 302 1529 τὸ
327 1462 364 1529 ἐκ
387 1469 458 1528 των
483 1458 679 1546 στεμμάτων
704 1462 851 1527 δίκτυον.
882 1461 1148 1546 Παυσανίαςῖ)
1175 1459 1223 1526 δὲ’
1250 1450 1288 1524 τύ

118 1570 249 1636 ἐκτῶν
274 1565 471 1654 στεμμάτων
493 1568 725 1652 πεπλεγμένον
750 1569 896 1632 δίκτυον.

164 1786 205 1838 15.
226 1785 247 1849 1)
266 1781 418 1837 Pausanias
432 1781 518 1850 igitur
532 1781 586 1834 iam
602 1780 676 1834 inter
690 1781 759 1834 duas
775 1779 935 1846 sententias,
954 1794 1024 1848 quae
1042 1778 1129 1833 fuerit
1143 1779 1287 1842 Adrastea,

119 1874 241 1927 incertus
264 1871 368 1935 haesit,
393 1869 493 1924 deinde
517 1871 584 1924 duas
606 1870 680 1924 vocis
704 1869 885 1938 etymologias
908 1867 1031 1937 protulit.
1060 1869 1176 1922 Inversa
1195 1867 1287 1922 ordine

119 1967 148 2014 et
172 1958 345 2029 etymologiis
368 1958 476 2012 omissis
501 1958 575 2012 Suid.
593 1959 632 2024 gl.
651 1959 676 2012 2.
696 1958 783 2026 Harp.
802 1959 834 2011 B.
854 1959 887 2011 A.
906 1958 972 2019 342,
992 1960 1009 2011 6
1032 1972 1104 2025 quae
1128 1957 1238 2025 glossae
1259 1972 1287 2010 se

119 2048 239 2102 invicem
251 2047 390 2116 supplent.
413 2047 439 2101 N
442 2063 509 2100 exus
523 2046 617 2114 igitur,
632 2061 713 2114 quem
725 2045 826 2100 Rindfl.
837 2062 863 2115 p.
874 2047 918 2100 31.
929 2045 1049 2114 negavit,
1063 2045 1228 2100 statuendus
1240 2047 1287 2099 est.

119 2136 218 2191 Glossa
242 2138 371 2204 corrupta
401 2141 455 2188 est:
484 2150 622 2202 nunquam
652 2134 725 2188 onim
753 2134 873 2188 Dianam
900 2135 1067 2188 Adrasteam
1094 2133 1190 2189 vocari
1213 2132 1286 2190 audi-

120 2225 215 2280 vimus.
246 2224 320 2279 Suid.
341 2223 376 2292 gl.
397 2225 421 2277 1.
442 2226 471 2276 et
489 2224 554 2277 Hes.
575 2223 691 2277 alteram
712 2223 870 2291 opinionem
888 2228 1012 2276 veterum
1035 2225 1169 2290 repetunt
1192 2222 1287 2288 (Adra

120 2317 181 2368 stea
204 2337 239 2358 =
257 2311 395 2379 Nemesis)
420 2316 449 2366 et
472 2313 507 2366 ab
531 2311 646 2366 Adrasti
670 2311 781 2365 nomine
804 2312 970 2365 Adrasteam
995 2311 1132 2366 derivant.
1162 2309 1199 2366 cf.
1223 2311 1287 2365 Zon.

120 2403 198 2456 1.30.
218 2402 333 2471 Diogen.
348 2401 474 2456 1.54.-
493 2401 620 2455 Alteram
640 2399 834 2470 etymologiam
853 2415 870 2453 a
888 2399 1027 2454 Pausania
1045 2398 1185 2468 prolatam
1204 2400 1288 2454 habes

118 2492 396 2558 mmuffla

165 2581 205 2634 16.
226 2581 245 2645 ¹)
267 2572 303 2634 δα
317 2579 403 2634 είλετο
418 2572 467 2632 αἶα
482 2577 575 2633 vocari
595 2577 707 2632 aliunde
726 2594 780 2632 non
800 2583 916 2632 constat.
946 2576 1045 2633 Glossa
1063 2580 1197 2646 corrupta
1215 2576 1287 2631 vide·

120 2673 172 2722 tur.
209 2668 317 2722 Similia
341 2669 405 2722 Hes.
425 2669 461 2736 gl.
484 2670 505 2721 1.
531 2661 578 2720 δα·
605 2663 721 2736 δένδρον
744 2662 890 2737 κάρπιμον
913 2667 962 2719 καί
981 2659 997 2718 ὁ
1016 2659 1129 2734 καρπὸς
1147 2653 1226 2720 ούτω
1243 2683 1289 2719 κα-

120 2759 217 2810 λεῖται.
246 2757 295 2808 Et.
316 2758 353 2810 M.
373 2758 416 2821 27,
436 2757 479 2810 24.
500 2748 560 2808 αἶα·
585 2748 641 2808 ὑπὸ
663 2755 832 2824 Κυρηναίων
855 2755 938 2823 τηθίς
956 2755 1004 2808 καί
1023 2760 1094 2820 μαῖα
1112 2755 1164 2808 καί
1182 2748 1288 2823 ἀδελφή

121 2839 241 2915 Κρήτης.
266 2847 395 2899 καλεῖται
414 2841 445 2898 δὲ
463 2845 512 2898 καί
531 2837 620 2912 κρήνη
641 2839 672 2897 έν
691 2844 814 2916 Παιονία
833 2844 883 2896 καί
902 2837 992 2911 φυτόν
1010 2858 1049 2895 τι·
1076 2835 1116 2895 ἔτι
1136 2840 1168 2896 δὲ
1187 2835 1204 2897 ὁ
1223 2859 1288 2911 καρ

121 2928 174 2997 πὸς
197 2928 274 3005 αύτῷ
294 2927 451 3000 ὁμώνυμος.
481 2933 516 2987 cf.
536 2925 579 2986 ύα.
609 2933 739 2987 Fortasse
757 2933 836 2986 Phot.
856 2931 931 2986 Suid.
952 2924 995 2986 ύα.
1024 2925 1195 3002 ἀκροδρύων
1219 2924 1291 2993 εἶδος

120 3017 219 3090 μήλοις
237 3028 349 3092 μικροῖς
368 3019 493 3092 ἐμφερές
510 3023 565 3075 huc
584 3021 732 3075 referenda
751 3024 823 3076 sunt.

166 3113 207 3166 17.
227 3113 249 3177 ¹)
267 3112 329 3166 Ael.
349 3111 428 3165 Dion.
449 3111 579 3164 convenit
597 3127 658 3164 cum
677 3110 811 3179 Harpoor.
831 3107 941 3180 αἰγίδας
960 3104 1083 3164 έκάλουν
1102 3104 1142 3163 τά
1167 3105 1207 3165 ἐκ
1225 3109 1291 3164 τάν

121 3194 328 3266 στεμμάτων
346 3200 475 3253 δίκτυα.
500 3200 669 3268 Λυκοῦργος
684 3195 771 3271 ἐντῷ
789 3200 857 3269 περὶ
875 3193 1044 3266 διοικήσεως
1061 3199 1111 3252 καί
1130 3193 1290 3267 Νυμφάδα

121 3305 176 3356 ρος.
193 3282 345 3356 Ἡρόδοτος
363 3283 390 3341 δ’
412 3283 443 3341 έν
462 3283 489 3340 δ’
509 3283 614 3350 ταύτας
637 3289 724 3355 φησίν
746 3280 803 3342 ὑπὸ
822 3282 938 3358 Λιβύων
957 3283 1056 3357 αἰγέας
1074 3289 1239 3342 καλείσθω.

211 3376 231 3442 2)
250 3376 349 3430 Suidas
361 3375 518 3430 Pausaniae
538 3375 693 3430 doctrinam
711 3381 842 3444 repetens
861 3377 932 3431 haec
951 3375 1050 3430 adicit:
1071 3367 1109 3438 ὡς
1120 3377 1292 3445 Λυκοῦργος

120 3465 168 3518 καί
178 3457 329 3534 Ἡρόδοτος
347 3458 381 3534 [,ή
403 3461 434 3518 δὲ
453 3460 544 3534 ίέρεια
561 3459 691 3532 Ἀθήνησι
710 3460 761 3532 τήν
780 3460 861 3531 ίεράν
880 3461 975 3533 αἰγίδα
994 3461 1125 3533 φέρουσα
1139 3458 1214 3534 πρὸς
1226 3456 1292 3526 τοὺς

121 3548 280 3623 νεογάμους
299 3548 457 3622 εἰσήρχετο.
487 3554 504 3621 †
525 3549 571 3607 ἐπὶ
590 3556 649 3606 τῶν
667 3548 785 3620 άναίδην
804 3541 855 3606 οὖν
874 3547 1032 3607 ποιούντων
1050 3547 1185 3606 τάττεται
1202 3545 1220 3620 ή
1240 3567 1291 3606 πα-

121 3642 218 3712 ροιμία
235 3643 263 3711 †.
297 3643 346 3695 καί
370 3634 385 3695 ὃ
410 3635 512 3710 θώραξ
535 3643 583 3694 καί
606 3634 622 3708 ή
648 3637 679 3694 έν
702 3648 763 3704 ταῖς
782 3636 901 3704 πεύκαις
920 3635 1055 3710 ούλύτης].
1093 3635 1292 3711 Νυμφόδωρος

120 3731 163 3797 (fr.
183 3732 224 3785 22.
239 3730 328 3792 Muli.)
346 3728 377 3784 δὲ
396 3733 486 3784 ταῦτα
505 3723 560 3784 ὑπὸ
581 3724 694 3799 Λιβύων
713 3727 812 3799 αἰγέας
831 3732 900 3797 φησί
919 3732 1081 3783 καλεῖσθαι.
1118 3728 1173 3784 sod
1192 3727 1291 3784 Suidaa

121 3820 179 3873 sive
198 3819 258 3874 eius
278 3824 375 3874 auctor
392 3819 453 3874 iure
472 3818 722 3887 reprehenduntur,
742 3835 805 3872 cum
823 3835 878 3872 non
892 3818 1104 3888 Nymphodorus
1123 3817 1159 3871 de
1172 3817 1291 3887 Libyam

120 3907 227 3962 retibus
247 3909 343 3977 egerit,
364 3909 413 3962 sed
432 3907 524 3976 potius
544 3907 701 3961 Herodotus
720 3907 777 3973 (IV.
798 3908 868 3971 189).
905 3905 1132 3976 Nymphodorum
1150 3909 1291 3960 auctorem

120 3997 236 4051 alterius
254 3996 415 4065 testimonii,
435 3998 505 4052 falso
524 3997 665 4052 Herodoto
684 3994 794 4060 tributi,
815 4011 876 4050 esse
895 3995 1033 4049 existimo.
1070 3994 1137 4048 Ideo
1155 3995 1224 4048 ordo
1240 4008 1289 4048 no-

120 4085 222 4138 minum
247 4101 327 4154 quem
351 4087 485 4156 Harpocr.
511 4090 616 4155 servat,
645 4085 832 4140 restituendus
857 4090 907 4139 est.
932 4114 965 4123 —
989 4083 1091 4139 Suidae
1115 4098 1194 4138 error
1216 4082 1291 4152 apud

120 4174 186 4228 Hes.
206 4191 226 4227 s.
246 4191 271 4228 v.
290 4175 417 4229 recurrit.
447 4177 530 4231 (luins
550 4176 642 4244 glossa
661 4172 746 4244 αἰγίς·
767 4165 857 4228 ύπλον
876 4170 907 4239 ἐξ
927 4170 1018 4244 αίγού.
1038 4173 1087 4226 καί
1105 4166 1139 4224 τδ
1159 4166 1193 4225 ἐκ
1205 4186 1290 4237 στεμ-

120 4256 219 4328 μάτων
238 4261 484 4333 διαπεπλεγμένον
503 4264 621 4319 δίκτυον.
651 4258 850 4332 Νυμφόδωρος
868 4261 899 4316 δέ
918 4264 966 4315 καί
984 4257 1036 4315 τὸν
1054 4255 1178 4330 θώρακα
1197 4256 1291 4330 αἰγίδα

120 4346 258 4419 λέγεσθαί
276 4366 364 4418 φησιν
377 4344 435 4406 ὑπὸ
447 4347 596 4406 Λακώνων
615 4352 741 4422 pluribus
756 4358 785 4405 et
799 4350 969 4420 gravissimis
989 4349 1154 4419 corruptelis
1172 4348 1290 4403 laborat.
