3000 5040
674 268 774 378 '33

254 429 361 497 Etiam
383 429 621 513 lexicographos
645 431 771 514 'saepius
795 451 926 507 errasse,
949 436 982 496 et
1003 431 1085 496 mira
1106 452 1208 517 neque
1232 430 1336 517 digna,

165 560 247 622 quac
274 538 445 603 credantur
472 541 505 601 et
532 537 636 601 adhuc
664 539 697 601 in
725 537 834 603 lexicis
863 537 1136 616 circumferantur,
1167 539 1336 622 protulisse

165 646 230 711 iam
253 644 361 709 Naber
383 643 465 709 Prol.
489 665 519 727 p.
543 642 595 719 51,
619 644 673 728 qui
696 645 852 710 atticistas
875 644 961 728 ipsos
979 666 1001 708 s.
1020 666 1047 709 v.
1067 642 1295 730 οἰκοτρίβαιον
1317 667 1337 710 a

164 753 308 835 priorum
325 756 503 833 temporum
517 749 698 816 auctoribus
712 742 861 834 deceptos
876 772 944 816 esse
959 756 1074 828 censet,
1092 752 1268 817 luculenter
1282 752 1336 817 de·

166 858 363 922 monstravit.
386 856 478 920 Tales
489 861 595 921 autem
605 877 727 921 errores
742 859 839 922 etiam
853 859 960 941 plures
970 856 1067 922 fuisse
1077 859 1109 921 in
1124 859 1337 924 atticistarum

166 963 339 1040 codicibus,
362 983 440 1046 quos
464 961 652 1027 Eustathius
675 963 821 1029 manibus
844 963 1001 1042 versabat,
1024 986 1107 1029 nuno
1130 964 1257 1030 docebo.

198 1122 205 1133 .
256 1071 443 1154 Priusquam
466 1074 572 1134 autem
596 1089 761 1153 exponam,
786 1070 893 1152 qualia
916 1072 1080 1154 episcopus
1099 1070 1338 1155 diligentissime

168 1178 353 1255 servaverit,
380 1179 423 1241 ad
445 1198 543 1241 unum
567 1177 670 1242 locum
692 1177 855 1260 respicias,
883 1179 980 1255 unde,
1004 1199 1097 1262 quam
1121 1177 1218 1242 stulte
1241 1177 1338 1242 etiam

169 1284 286 1349 codicis
318 1283 368 1348 vel
395 1283 520 1348 librarii
553 1303 676 1349 errores
704 1284 772 1367 ipse
801 1285 994 1368 depinxerit,
1027 1285 1136 1349 statim
1167 1284 1337 1368 aperietur.

168 1391 201 1455 P.
221 1391 296 1468 964,
317 1391 368 1454 64.
393 1382 555 1455 ὅσσεσθαι
579 1380 646 1454 ἀπὸ
670 1396 728 1476 τῆς
752 1382 865 1476 ὅσσης,
889 1380 930 1477 ἣν
953 1392 1010 1454 καὶ
1034 1389 1090 1456 ἐπὶ
1111 1392 1268 1474 μαντείας
1290 1392 1338 1455 τί-

167 1502 263 1582 θησι·
297 1491 436 1582 τοιαύτη
466 1495 501 1560 δὲ
529 1495 615 1576 λέξις
644 1492 734 1561 ἔστιν
757 1487 814 1562 ὅτε
838 1499 894 1561 καὶ
916 1489 937 1583 ἡ
962 1489 1014 1581 ὂψ
1038 1489 1084 1574 ὡς
1102 1488 1141 1562 Ἀ.
1165 1493 1339 1574 Διονύσιος

166 1610 450 1688 παρασημιιοῦται
475 1601 583 1686 λέγων
607 1596 675 1667 ὄπα
698 1595 760 1689 τὴν
783 1598 932 1689 κληδόνα
960 1605 1016 1668 καὶ
1048 1595 1271 1670 ὀττεύεσθαι
1298 1596 1339 1668 τὸ

167 1710 435 1796 κληδονίζεσθαι.
472 1700 710 1795 Ἀριστοφάνης
742 1706 953 1795 Λυσιστράτη
990 1711 1086 1797 (591)
1120 1702 1340 1794 όαενόμενος

167 1812 325 1902 κάθηται.
363 1814 397 1881 Si
415 1837 489 1881 vero
513 1816 617 1880 locum
636 1816 904 1900 Aristophaneum
928 1817 1059 1893 evolves,
1082 1818 1181 1884 habes
1205 1809 1340 1883 ὀττευο-

167 1923 252 2008 μένη
272 1922 307 1987 ds
331 1917 487 2008 κάθηται.
520 1922 569 1986 Ex
587 1922 749 1988 Eustathii
769 1924 868 2007 igitur
889 1924 994 1988 verbis
1018 1929 1161 2007 apertum
1185 1930 1245 2001 est,
1269 1945 1341 1989 eum

168 2050 279 2095 revera
302 2021 489 2095 ddcdccdccc
507 2031 669 2113 scripsisse
693 2029 747 2115 (ττ
766 2030 865 2114 igitur
887 2051 958 2095 cum
981 2053 1007 2095 τι
1031 2029 1233 2117 confudisse),
1256 2031 1341 2115 quod

168 2155 278 2201 vocem
309 2133 349 2199 ab
382 2131 429 2217 ὅψ
460 2136 567 2202 radice
601 2137 744 2202 derivare
781 2137 896 2203 studet.
950 2137 1077 2203 Erroris
1109 2136 1214 2220 culpa,
1246 2158 1341 2220 quam

168 2243 272 2326 primo
291 2242 376 2324 apud
395 2243 569 2308 atticistam
588 2242 685 2308 fuisse
703 2244 885 2321 credideris,
909 2243 1048 2328 episcopi
1067 2249 1128 2308 est:
1152 2265 1224 2308 nam
1244 2244 1342 2308 ceteri

169 2347 385 2432 lexicographi
404 2369 511 2413 vocem
531 2370 588 2414 suo
606 2350 676 2414 loco
696 2349 847 2429 exhibent
866 2355 898 2414 et
923 2349 1086 2433 episcopus
1109 2351 1177 2433 ipse
1199 2371 1267 2415 rem
1290 2372 1340 2415 re-

169 2460 290 2521 tractat
311 2477 341 2538 p.
365 2454 464 2533 1398,
484 2456 540 2533 29,
564 2457 619 2521 sed
647 2457 694 2521 ita
720 2462 757 2521 ut
784 2461 871 2522 recta
892 2457 1028 2521 lectione
1051 2457 1174 2521 utaturl
1216 2456 1341 2522 Falsam

169 2561 367 2646 Lysistratae
394 2561 562 2627 lectionem
590 2563 688 2646 igitur
717 2583 780 2628 non
803 2562 962 2628 atticistae
986 2562 1206 2639 obtrudemus‚
1233 2563 1289 2627 sed
1312 2563 1342 2626 ei

170 2669 382 2745 restituemus,
396 2669 446 2734 oui
461 2668 605 2746 debetur,
624 2671 642 2733 i.
659 2690 683 2734 e.
700 2670 856 2753 episcopo,
875 2671 929 2752 qui
941 2668 1185 2752 Aristophanem
1200 2668 1341 2733 evolvere

171 2775 301 2840 minime
325 2776 456 2841 curavit.
959 2834 961 2838 .

260 2881 332 2946 Non
354 2884 452 2967 igitur
470 2882 665 2959 mirabimur,
690 2883 962 2966 quod-episcopus
986 2888 1091 2947 errata
1113 2880 1342 2946 vetustissimae

172 2987 318 3071 originis,
346 3009 427 3070 quae
454 2989 518 3053 iam
546 2988 586 3053 ab
615 2989 764 3054 atticistis
793 3009 831 3052 ex
861 3010 968 3053 eorum
992 2987 1133 3054 fontibus
1157 2988 1344 3071 deprompta

172 3095 309 3178 indeque
341 3116 440 3177 usque
472 3097 514 3160 ad
541 3101 652 3161 nostra
678 3100 822 3179 tempora
849 3100 1026 3180 propagata
1053 3100 1142 3172 sunt,
1175 3095 1344 3178 diligenter

172 3200 265 3268 nobis
289 3201 491 3268 conservavit.

262 3307 309 3373 Ac
343 3308 480 3392 primum
517 3309 645 3394 quidem
683 3309 826 3394 exempla
862 3309 941 3374 mihi
973 3308 1135 3374 afferenda
1166 3313 1253 3385 sunt,
1288 3307 1345 3372 ubi

173 3595 310 3664 increpat.
348 3596 448 3650 Parum
470 3594 525 3650 fuit
542 3593 743 3662 Kuleukampii
766 3594 945 3662 apographon
972 3593 1160 3647 tantummodo
1186 3593 1265 3661 prelo
1287 3595 1344 3645 tra-

175 3685 255 3738 dere:
284 3683 353 3738 vitia
376 3699 445 3752 quae
469 3684 498 3737 in
521 3683 637 3752 singulis
660 3681 769 3751 paginis
793 3688 952 3749 occurrunt,
976 3687 1033 3735 tam
1055 3680 1193 3734 horrenda
1212 3695 1245 3734 ac
1263 3680 1345 3735 foeda

174 3778 252 3840 sunt,
276 3776 308 3826 ut
327 3773 440 3827 credere
459 3771 506 3827 vix
525 3771 621 3841 possis.
659 3771 697 3826 Ut
713 3770 934 3826 luculentissima
953 3769 1103 3844 proferam,
1123 3768 1158 3824 of.
1176 3786 1204 3838 p.
1223 3771 1246 3823 1.
1271 3761 1344 3840 ἄγω·

174 3856 208 3916 τὸ
222 3855 327 3928 reiciam,
347 3856 379 3926 ἐξ
395 3851 427 3915 οὗ
443 3863 491 3915 καὶ
510 3855 543 3914 τὸ
562 3858 706 3926 κατέαξαν
726 3855 814 3914 αὐτοῦ
828 3855 863 3913 τὰ
883 3855 979 3927 σκέλη.
1011 3858 1066 3913 Sed
1084 3853 1180 3911 κλάνω
1199 3856 1272 3912 nihil
1291 3863 1345 3912 est:

175 3944 255 4004 κλάω
273 3949 485 4004 restituendum.
505 3950 534 4005 P.
549 3951 610 4016 552,
625 3952 649 4004 1.
669 3944 781 4016 ἱμάτιον
797 3949 884 4018 poplo
902 3947 973 4001 nihil
989 3952 1043 4001 est:
1073 3942 1252 4017 ἱματιοφορίς
1271 3948 1347 4016 lega-

175 4042 229 4093 tur.
262 4039 344 4094 Talia
370 4040 518 4093 emendare
542 4038 661 4092 cuiusvis
682 4044 738 4106 est,
763 4054 825 4092 cum
842 4037 944 4090 menda
963 4035 1054 4089 editor
1073 4051 1106 4090 ex
1127 4036 1229 4090 ceteris
1248 4035 1347 4089 lexicis

176 4128 275 4181 tollere
288 4127 411 4197 potuerit
423 4133 507 4196 atque
521 4127 657 4182 debuerit.
685 4127 752 4180 Alia
765 4125 900 4180 eiusmodi
913 4123 947 4179 ol.
958 4141 985 4193 p.
997 4126 1040 4179 43.
1051 4130 1108 4179 not.
1119 4127 1142 4178 1.
1156 4141 1183 4194 p.
1194 4125 1238 4178 48.
1251 4127 1308 4178 not.
1322 4125 1347 4178 1.

176 4215 289 4270 Utinam
312 4233 376 4271 mox
400 4217 550 4286 sospitator
573 4215 665 4285 operis
691 4215 768 4268 illius
791 4213 907 4283 pretiosi
931 4213 1061 4280 exsistat,
1086 4213 1133 4282 qui
1156 4213 1296 4284 Sylhurgii
1319 4216 1349 4266 et

177 4303 295 4359 aliorum
318 4305 526 4361 emendationes
549 4305 650 4359 iterum
672 4303 780 4373 publici
804 4301 872 4356 iuris
897 4301 985 4358 faciat
1009 4307 1039 4357 et
1062 4303 1211 4357 editionem
1236 4303 1347 4372 dignam

178 4398 266 4463 paret.

1119 4481 1136 4532 3
