3000 5040
827 267 869 331 26

266 419 406 506 εἰπών,
438 417 490 491 ὅτι
523 418 619 510 ζυγὸς
648 417 734 512 παρ’
758 419 885 512 Ὁμήρῳ
918 418 959 491 οὗ
991 420 1149 510 συνήθως
1180 421 1237 488 ἐπὶ
1268 429 1445 508 σταθμοῦ.

267 524 367 617 ζυγὸν
393 524 455 618 γὰρ
483 531 611 610 ἐκεῖνος
638 528 729 599 οἶδεν
757 523 902 618 ἅρματος
925 533 982 597 καὶ
1004 524 1127 617 ἁμάξης
1149 530 1204 595 καὶ
1230 526 1447 615 ζυγόδεσμον

266 636 387 724 ἱμάντα
409 631 471 704 τὸν
495 632 595 724 ζυγὸν
612 648 684 705 τῶν
703 636 801 721 ζώων
820 636 1010 724 ζευγνύντα.
1030 678 1073 686 -
1092 638 1179 722 λέγει
1202 637 1238 703 δὲ
1257 629 1277 701 ὃ
1296 633 1446 723 ῥηθεὶς

264 752 468 833 κροσεχαῖς
494 739 678 824 παλαιὸς·
712 738 793 831 ζυγὰ
820 748 878 811 καὶ
904 745 1069 830 καθέδραι
1097 738 1324 829 ἐρεσσόντιυν,
1353 736 1445 811 ὅθεν

266 846 424 938 ὑψίζυγος
446 845 465 920 ὃ
489 845 550 937 ὕψι
573 852 746 938 καθέδραν
770 849 865 937 ἔχων.
903 853 1047 919 Conexus
1070 873 1140 916 oum
1163 851 1315 916 atticistis
1338 851 1445 917 statui

264 983 329 1026 non
355 965 467 1045 potest.
513 960 647 1025 Plurimi
673 981 747 1025 vero
774 959 835 1025 looi
862 981 933 1024 oum
955 965 1064 1026 nostro
1087 959 1268 1042 conspirant
1292 957 1337 1043 (p.
1364 957 1443 1035 665,

266 1068 316 1133 30.
340 1067 418 1144 946,
441 1066 493 1132 55.
519 1068 618 1145 1349,
641 1067 722 1152 64.),
745 1067 841 1131 otiam
864 1066 914 1132 Et.
938 1067 1019 1132 Gud.
1043 1066 1117 1142 232,
1139 1065 1183 1129 42
1207 1065 1271 1148 (Et
1295 1063 1338 1130 M
1363 1065 1443 1142 412,

267 1175 323 1260 26)
350 1174 407 1240 ubi
430 1166 617 1259 Ἡρώδυτος
644 1179 754 1239 auctor
782 1178 909 1240 nostrae
936 1174 1099 1239 doctrinae
1126 1172 1320 1256 appellatur,
1352 1172 1442 1256 quod

265 1282 413 1346 Lentzius
440 1281 673 1347 Hemsterhusii
700 1281 880 1365 opinionem
912 1285 1037 1346 secutus
1064 1278 1243 1344 felicissime
1275 1280 1309 1341 in
1332 1270 1441 1363 Ἡρω-

266 1384 379 1465 διαυός
414 1391 549 1453 mutavit
586 1387 717 1473 (Herod.
750 1386 775 1452 Ι.
810 1387 887 1462 140,
918 1388 948 1451 9.
981 1386 1067 1452 Suid.
1099 1407 1123 1451 s.
1154 1408 1182 1450 v.
1214 1385 1440 1472 ζυγομαχεῖν).

266 1494 378 1560 Glossa
396 1515 470 1561 vero
490 1499 694 1579 ζυγομαχεῖν,
712 1515 794 1577 quae
813 1492 916 1560 verbis
933 1493 1142 1558 Herodianeis
1160 1494 1304 1557 iniuncta
1322 1497 1382 1568 est,
1401 1513 1441 1557 ex

265 1602 415 1667 atticistis
434 1603 537 1687 petita
555 1622 623 1666 esse
641 1602 776 1677 videtur,
795 1622 866 1666 cum
883 1601 968 1684 apud
986 1599 1077 1666 Phot.
1097 1599 1150 1684 (of.
1168 1597 1248 1664 Nab.
1266 1598 1287 1663 l.
1306 1598 1343 1686 l.)
1362 1599 1439 1666 Hes

265 1707 351 1774 Suid.
374 1707 448 1774 Len
471 1707 599 1774 Baohm.
622 1707 697 1784 247,
721 1708 749 1771 7.
772 1707 892 1773 redeat.

355 1814 445 1880 Hanc
477 1815 576 1898 igitur
602 1814 759 1879 rationem
785 1814 918 1898 ingressi
946 1835 1066 1890 sumus,
1098 1819 1134 1878 ut
1165 1811 1284 1878 talibus
1315 1813 1440 1898 glossis,

264 1942 347 2004 quae
370 1920 513 1986 formulis
535 1921 599 1986 illis
621 1920 751 1986 incertis
774 1927 904 1987 ornatae
927 1926 1010 1999 sunt,
1032 1926 1100 1985 tum
1118 1925 1244 1985 tantum
1266 1925 1440 1998 uteremur,

265 2049 336 2093 oum
359 2027 423 2093 alia
445 2032 479 2092 et
501 2029 631 2096 maioris
648 2030 800 2093 momenti
818 2034 1005 2112 argumenta
1023 2027 1218 2104 accederent,
1241 2049 1312 2092 eum
1331 2032 1440 2093 autem

268 2133 324 2199 illa
352 2133 537 2213 deficerent,
565 2135 658 2219 plane
680 2135 923 2214 abstineremus,
951 2137 1037 2219 quod
1059 2156 1111 2202 res
1132 2135 1225 2200 nimis
1252 2133 1439 2202 inlubrico

264 2241 370 2325 posita
393 2262 461 2308 esse
484 2243 617 2308 videtur.

765 2544 853 2610 CAP.
877 2544 935 2608 Ill.

355 2706 466 2791 Neque
489 2711 596 2772 tamen
617 2705 674 2771 illa
696 2705 763 2772 sola
786 2711 835 2771 est
857 2705 921 2781 via,
950 2726 1013 2788 qua
1035 2704 1076 2768 ad
1099 2704 1245 2786 augenda
1268 2707 1301 2767 et
1323 2701 1439 2792 ampli-

265 2813 390 2879 ficanda
412 2814 625 2880 atticistarum
647 2813 825 2896 fragmenta
852 2812 1023 2896 procedere
1051 2812 1160 2894 possis.
1204 2809 1312 2874 Etiam
1334 2809 1439 2876 altera

265 2925 368 3003 patet,
395 2941 459 3002 qua
481 2921 632 2986 maiorem
654 2941 819 2984 numerum
841 2920 1016 3003 glossarum
1039 2916 1080 2983 ab
1102 2916 1272 2982 Eustathio
1295 2917 1437 3000 explica·

265 3032 373 3091 tarum
395 3026 544 3092 atticistis
566 3027 762 3093 revindicare
784 3025 902 3091 licebit.

355 3132 584 3198 Eustathius
611 3134 709 3210 enim,
737 3132 791 3217 qui
814 3133 871 3196 illa
892 3130 1052 3216 purissimi
1075 3131 1228 3197 sermonis
1249 3129 1353 3195 lorica
1375 3129 1436 3195 im·

266 3239 377 3324 primis
400 3239 569 3316 adamavit,
592 3239 785 3323 plerumque,
808 3240 939 3304 simulac
955 3260 1063 3304 vocem
1080 3239 1240 3321 quandam
1262 3235 1438 3302 obsoletam

265 3347 316 3412 vel
338 3367 441 3412 mores
468 3367 532 3411 non
559 3345 693 3430 amplius
720 3351 910 3430 propagatos
937 3346 986 3411 vel
1013 3344 1180 3430 proverbia
1203 3344 1360 3428 explicare
1383 3364 1436 3410 vo-

264 3452 338 3529 luit,
366 3473 444 3517 rem
472 3452 528 3517 ita
554 3452 745 3529 instituit,
771 3458 812 3517 ut
838 3473 911 3517 non
939 3453 1058 3518 solum
1080 3472 1189 3516 unam
1211 3450 1377 3534 glossam
1399 3450 1437 3515 in

264 3557 403 3624 lexicis
431 3558 637 3636 evolveret,
664 3560 730 3624 sed
757 3558 955 3624 occasione
981 3558 1109 3623 fausta
1131 3557 1264 3624 oblata
1286 3557 1437 3642 saepius

264 3686 433 3750 magnam
456 3672 648 3732 catervam
675 3666 972 3749 propinquarum
999 3670 1064 3730 aut
1092 3664 1351 3730 derivatorum
1373 3664 1436 3730 ad·

265 3773 380 3838 deret.

358 3879 459 3958 Quam
476 3901 543 3945 rem
562 3879 725 3964 episcopus
738 3879 805 3962 ipse
822 3878 935 3944 testari
948 3878 1073 3943 videtur
1090 3900 1119 3962 p.
1135 3875 1209 3955 565,
1226 3876 1275 3943 19.
1294 3876 1347 3964 (ir.
1357 3879 1437 3966 419)

266 3979 303 4053 ἒν
337 3987 373 4054 δὲ
406 3986 540 4054 ἐκθέσει
577 3992 781 4072 συγγενικῶν
813 3985 939 4067 λέξεων
970 3983 1167 4071 φερομέναν
1204 3982 1241 4051 ἓν
1270 3981 1438 4072 ῥητορικῷ

267 4094 434 4180 λεξικῴῑ),
459 4115 521 4178 quo
539 4093 573 4160 in
590 4094 659 4160 loco
681 4115 771 4160 voces
794 4093 989 4175 παπαίζειν,
1011 4085 1119 4175 daca,
1141 4087 1276 4174 κάππα,
1299 4093 1436 4178 μαμμία,

355 4309 377 4374 ¹)
405 4306 471 4361 Fuit
495 4307 570 4362 Aelii
593 4307 719 4378 Dionysii
743 4307 865 4362 lexicon:
893 4305 1061 4361 conveniunt
1087 4305 1173 4372 enim,
1201 4322 1272 4375 quse
1301 4308 1335 4362 de
1362 4301 1437 4377 τήθη

265 4397 308 4468 (ir.
322 4398 382 4454 309.
402 4401 459 4452 not.
478 4395 505 4464 3)
524 4401 554 4452 et
572 4399 606 4451 de
625 4393 742 4460 πάππος
760 4396 805 4468 (fr.
819 4395 879 4452 253.
899 4399 955 4452 not.
969 4396 996 4461 2)
1014 4395 1136 4454 exhibet.
