3000 5040
829 234 869 295 14

266 395 419 476 imprimis
445 413 484 456 ex
506 391 571 456 illis
592 383 639 468 ὡς
661 389 695 456 ol
716 393 856 457 παλαιοὶ
883 392 931 455 vel
954 383 1040 454 κατὰ
1061 381 1141 464 τοὺς
1162 382 1349 463 παλαιούς,
1379 409 1451 452 eer-

264 508 333 564 tum
355 501 514 584 quoddam
532 500 773 564 fundamentum
791 506 913 564 struere
936 499 997 564 sibi
1020 499 1180 571 visisunt,
1202 496 1235 559 in
1258 516 1326 579 quo
1347 496 1451 589 aedes

264 608 321 671 illa
348 608 507 671 atticismo
535 608 703 689 purissimo
729 628 820 672 sacra
846 611 990 690 ponatur.
1036 606 1083 668 De
1110 605 1169 667 tali
1191 601 1452 686 argumentandi

264 715 388 778 ratione
415 720 501 778 recte
528 716 593 778 iam
620 713 822 779 Rindfleisch.
850 737 879 797 p.
907 715 937 778 6.
965 735 1032 796 sqq.
1058 712 1211 776 iudicium
1242 710 1338 785 fecit,
1375 731 1452 774 cum

266 820 377 886 Cobeti
399 821 564 906 (Mnemos.
583 821 620 887 X.
639 844 668 904 p.
689 822 755 906 75.)
778 823 951 887 sententias
970 821 1010 885 de
1032 818 1215 884 auctoribus
1237 817 1321 882 sexti
1348 818 1452 882 lexici

264 927 403 993 Bekkeri
429 929 619 1011 indagandis
645 927 809 994 refutaret
855 928 986 993 Cautius
1013 927 1155 1009 quidem,
1182 925 1238 989 sed
1264 925 1315 988 ita
1339 930 1383 989 nt
1407 925 1453 990 ad

264 1035 399 1100 similem
420 1033 515 1100 finem
537 1041 633 1120 atque
654 1036 848 1100 Batavorum
873 1035 1074 1100 ratiocinatio
1096 1033 1290 1118 perveniret,
1318 1030 1451 1098 Theod

265 1142 382 1226 Freyer
413 1142 569 1228 (Quaestt.
602 1145 642 1207 de
674 1143 781 1208 scholl.
814 1142 925 1208 Aesch.
958 1141 1112 1216 fontibus,
1143 1139 1246 1224 Leipa
1280 1138 1381 1204 Stud.
1413 1139 1451 1204 V.

264 1272 295 1333 p.
328 1250 393 1313 339
425 1250 506 1334 sqq.)
538 1252 579 1314 de
610 1249 755 1314 formulis
786 1241 872 1314 κατὰ
908 1241 988 1325 τοὺς
1018 1243 1182 1323 παλαιοὺς
1214 1252 1272 1311 etc
1307 1248 1382 1330 egit
1417 1252 1451 1312 et

264 1379 294 1439 p.
319 1356 385 1421 350
411 1378 479 1441 sqq.
502 1378 570 1421 rem
597 1357 644 1421 ita
671 1358 849 1433 constituit,
876 1363 913 1421 ut
938 1357 980 1420 ab
1007 1356 1156 1421 atticistis
1183 1353 1339 1418 formulas
1370 1353 1449 1418 illas

264 1463 425 1529 adhibitas
452 1485 520 1528 esse
543 1465 750 1529 contenderet
777 1468 810 1528 et
832 1464 921 1528 Eust
948 1463 1117 1528 formulam
1139 1484 1178 1527 ex
1200 1461 1264 1525 illis
1286 1461 1323 1524 in
1347 1482 1450 1526 suum

265 1592 357 1636 usum
388 1571 579 1636 convertisse
606 1576 743 1653 putaret
788 1571 848 1635 Cui
875 1571 1062 1646 sententiae,
1094 1591 1175 1653 quae
1203 1569 1264 1634 etsi
1291 1568 1449 1650 plurimis

266 1678 344 1742 locis
368 1681 451 1743 iusta
474 1699 542 1743 esse
561 1683 675 1760 potest,
698 1680 770 1744 ideo
788 1700 852 1742 non
870 1700 920 1742 me
939 1678 1125 1753 addixerim,
1147 1677 1242 1759 quod,
1264 1680 1303 1738 ut
1321 1675 1449 1758 Freyer

266 1786 334 1868 ipse
353 1808 382 1868 p.
402 1785 464 1849 341
485 1787 638 1861 concedit,
661 1787 758 1850 etiam
775 1787 934 1850 atticistae
953 1782 985 1850 οἱ
1003 1785 1141 1849 παλαιοί
1159 1787 1322 1858 vocantur,
1345 1783 1449 1864 quod,

265 1901 303 1956 ut
325 1893 405 1956 alias
427 1891 633 1957 multifariam
655 1894 781 1969 accidit,
804 1895 900 1957 etiam
923 1892 1106 1957 Athenaeus
1128 1891 1179 1956 vel
1200 1896 1299 1955 testes
1323 1889 1448 1954 abillo

266 1999 389 2064 laudati
412 1999 452 2064 ab
475 1999 633 2083 Episcopo
655 1991 741 2064 κατὰ
764 1993 844 2076 τοὺς
866 1995 1030 2076 παλαιούς
1052 2000 1191 2064 citantur
1200 1998 1237 2082 ¹).

356 2106 423 2170 lam
455 2112 561 2171 autem
593 2106 685 2172 nobis
712 2109 752 2172 ad
785 2129 854 2172 eam
882 2109 1098 2190 quaestionem
1125 2104 1342 2170 accedendum
1371 2105 1447 2180 erit,

268 2218 375 2277 utrum
398 2219 501 2278 recte
524 2214 737 2298 fragmenta
754 2215 883 2290 lexici,
905 2215 1003 2297 quod
1022 2219 1179 2279 vocatur
1197 2210 1446 2296 rhetorici¹),

267 2321 365 2404 apud
388 2320 634 2386 Eustathium
661 2323 864 2387 adservata
892 2324 939 2386 ad
967 2322 1163 2386 atticistas
1186 2338 1372 2383 revocare
1395 2317 1445 2381 li·

268 2432 351 2492 coat
374 2449 498 2494 necne.
534 2428 648 2494 Fusius
667 2432 706 2494 de
725 2429 785 2494 hac
807 2451 842 2494 re
860 2429 926 2512 egit
944 2428 1044 2493 Meier
1062 2429 1095 2491 in
1115 2427 1193 2511 Opp.
1213 2426 1252 2490 ll.
1271 2447 1302 2508 p.
1323 2424 1378 2491 79.
1398 2446 1445 2508 sq.

267 2535 375 2600 Naher
401 2537 435 2600 in
462 2535 545 2600 Prol.
573 2537 614 2601 ad
640 2536 731 2602 Phot.
759 2559 789 2619 p.
816 2535 958 2601 48-54.
985 2557 1052 2599 rem
1084 2534 1187 2599 obiter
1218 2533 1444 2598 tantummodo

268 2643 384 2726 attigit.
415 2643 479 2707 Res
497 2643 614 2707 iterum
631 2643 828 2709 instituenda
845 2645 980 2719 videtur,
1002 2643 1087 2724 quod
1110 2640 1204 2725 primi
1222 2638 1445 2704 collectionem

268 2747 530 2831 fragmentorum,
557 2757 594 2815 ut
621 2771 691 2834 spes
719 2751 846 2833 quidem
875 2756 935 2826 est,
962 2749 1133 2834 perfectam
1156 2766 1258 2830 neque
1280 2745 1350 2811 ullo
1373 2747 1444 2812 loco

269 2861 412 2938 egentem
435 2855 608 2923 afferemus.
654 2858 755 2922 Meier
782 2860 836 2941 qui
864 2858 949 2922 solus
976 2878 1016 2922 ea
1041 2861 1136 2921 antea
1159 2854 1345 2936 collegerat,
1376 2875 1445 2918 rem

269 2983 370 3047 nequo
401 2962 564 3028 absolvere
590 2965 624 3028 in
650 2967 756 3030 animo
783 2964 897 3030 habuit
923 2986 1025 3047 neque
1052 2962 1195 3028 absolvit.
1242 2959 1319 3025 Plus
1348 2982 1444 3027 sexa·

269 3069 359 3150 ginta
384 3069 470 3135 locos
497 3070 658 3152 indagavi,
685 3093 764 3153 quos
791 3072 846 3136 ille
870 3072 1009 3137 currenti
1032 3070 1106 3136 stilo
1128 3069 1287 3134 omiserat.
1311 3105 1358 3116 -—
1381 3069 1444 3134 Res

269 3175 342 3240 ideo
364 3174 402 3240 fit
424 3177 611 3253 intricatior,
634 3178 719 3259 quod
738 3178 939 3244 Eustathium
958 3184 1085 3262 praeter
1103 3177 1317 3242 atticistarum
1339 3175 1445 3241 lexiea

270 3283 367 3348 etiam
389 3282 461 3347 aliis
484 3283 633 3350 subsidiis
656 3285 954 3373 lexicographicisi)
977 3308 1069 3353 usum
1092 3305 1159 3349 esse
1182 3287 1314 3349 constat.
1358 3283 1444 3350 Fue·

269 3395 486 3467 mutantem,
514 3391 649 3457 sirecte
672 3395 777 3458 omnia
799 3394 923 3478 collegi:
963 3394 995 3479 l)
1019 3393 1157 3458 Lexicon
1180 3389 1342 3474 quoddam
1366 3410 1444 3455 ano·

269 3518 406 3581 nymum,
429 3496 465 3582 2)
488 3497 739 3583 Etymologicum
762 3500 925 3585 Magnum,
949 3502 983 3588 3)
1007 3500 1124 3566 Suidae
1146 3497 1315 3564 volumina.

358 3660 380 3725 1)
399 3657 542 3711 Interdum
562 3659 645 3712 etiam
661 3657 806 3714 formulam
825 3660 910 3725 illam,
930 3661 1002 3715 siin
1021 3664 1134 3715 auctore
1153 3657 1265 3712 nomina
1283 3673 1341 3712 non
1360 3674 1444 3714 accu-

270 3750 331 3801 rate
349 3747 464 3802 laudata
483 3748 576 3813 erant,
600 3747 730 3802 adhibuit
748 3748 781 3804 cf.
803 3748 835 3802 fr.
856 3750 915 3803 364.
935 3755 989 3804 not.
1011 3752 1034 3804 1.
1054 3749 1103 3803 ubi
1122 3749 1282 3816 episcopum
1307 3763 1344 3800 ex
1363 3748 1444 3803 scho-

270 3834 307 3889 lio
326 3834 474 3889 Homerico
495 3836 591 3890 1r375
616 3832 643 3890 ol
666 3836 697 3890 δὲ
717 3834 910 3907 ἐσχημάτισαν
933 3839 987 3892 sibi
1011 3834 1084 3892 κατὰ
1107 3834 1174 3901 τοὺς
1192 3831 1333 3900 παλαιοὺς
1351 3836 1444 3904 finnt,

270 3924 343 3978 unde
362 3925 453 3994 ipsum
471 3924 619 3993 ignorasse,
640 3926 687 3995 qui
706 3927 811 3982 fuerint
829 3924 856 3982 ol
875 3929 998 3994 παλαιοί,
1017 3927 1194 3982 manifestum
1213 3931 1264 3981 est.

360 4014 380 4079 2)
399 4013 472 4068 Mire
490 4031 556 4069 sane
577 4017 675 4070 Christ.
690 4017 841 4084 Littgesoh.
861 4035 887 4086 p.
901 4019 953 4072 562
972 4017 1063 4072 lexiea
1081 4017 1229 4081 rhetorica,
1248 4031 1320 4083 quae
1341 4015 1445 4073 Eusta-

270 4102 345 4156 thius
364 4104 515 4172 usurpavit,
535 4121 570 4159 ex
588 4106 668 4161 Aelio
685 4107 817 4177 Dionysio
837 4113 865 4161 et
882 4107 1021 4161 Pausania
1040 4109 1182 4161 contracta
1201 4108 1230 4159 et
1250 4120 1318 4173 opus
1340 4104 1446 4162 aetatis

270 4192 437 4262 byzuntinae
455 4191 540 4248 fuisse
560 4196 708 4250 contendit.

359 4281 379 4349 ³)
398 4281 551 4337 Eudemum
576 4301 658 4354 supra
681 4285 824 4339 attulimus
847 4302 873 4353 p.
895 4287 927 4338 12
946 4290 1000 4339 not.
1021 4288 1044 4340 1.
1082 4286 1186 4339 Lexica
1210 4284 1395 4355 synonymica
1419 4288 1448 4342 ot

271 4370 407 4426 Herodori
425 4373 596 4441 Apionisque
616 4390 683 4442 opus
703 4375 826 4427 consulto
844 4373 1023 4441 negleximus.
