3000 5040
755 212 817 276 106

199 372 407 456 παρατίθησι
434 373 489 434 καί
520 363 573 435 ὅτι
601 363 793 457 άμάμηλις
817 377 939 437 σῦκον
962 362 1002 436 τό
1026 362 1094 455 ἅμα
1114 366 1216 458 μήλῳ
1239 363 1373 440 άνθοῦν

199 478 255 541 καὶ
273 480 399 562 μῆλον
418 469 661 561 άμάσυκον’)
679 469 719 542 τό
739 468 805 561 άμα
825 472 918 561 σύκῳ
937 469 1081 543 άνθοῦν.
1114 473 1253 563 ἕτεροι
1271 477 1309 544 δὲ
1330 477 1370 544 εί-

198 578 322 659 πόντες
346 575 549 669 άμάμιγλινθ)
572 576 651 660 τοὺς
671 576 791 660 άπίους
809 574 901 668 παρὰ
918 573 1078 659 Ἀττικοῖς
1095 581 1270 668 λέγεσθαι,
1292 587 1369 668 φασί

199 691 255 753 καὶ
279 683 533 774 ἁμαδρυάδας
557 685 702 774 νύμφας,
726 690 761 754 αἳ
783 680 850 773 άμα
878 689 974 774 δρυσὶ
996 690 1151 773 γίνονται
1173 691 1234 756 καί
1257 683 1369 777 άπογί-

172 817 325 861 ινονται.
359 794 422 878 [είς
446 796 481 860 δὲ
504 787 544 860 τὸ
568 789 654 880 δμοῦ
675 786 836 881 χρονικδν
856 791 1020 881 χρήσιμον
1042 795 1100 860 καὶ
1122 786 1165 862 τό

357 897 456 978 πόλις
479 893 512 966 δ’
536 894 622 985 ὁμοῦ
642 901 704 986 μὲν
727 897 951 986 θυμιαμάτων
973 900 1065 985 γέμει

358 1001 444 1092 ὁμσῦ
467 1007 503 1074 δὲ
526 1004 684 1074 παιάνων
705 1030 742 1073 τε
766 1009 823 1073 καὶ
847 1002 1101 1094 στεναγμάτων]

286 1116 339 1180 43.
377 1115 549 1181 Eustath.
573 1138 602 1199 p.
626 1115 705 1192 976,
728 1116 757 1180 3.
794 1107 957 1200 ἀμβροσία
984 1115 1043 1179 καὶ
1070 1107 1182 1192 ἄνθος
1209 1138 1243 1180 τι
1272 1106 1367 1180 κατά

198 1223 448 1301 Παυσανίαν,
468 1211 505 1298 ὃς
519 1221 605 1305 λέγει
619 1223 677 1286 καί
696 1212 749 1288 ότι
764 1213 994 1307 άμβροσίαῑ)
1007 1220 1105 1306 γένος
1121 1242 1157 1286 τι
1177 1221 1368 1298 συνθέσεως

159 1352 185 1389 ιο
199 1327 235 1408 ἐξ
265 1319 387 1404 δδατος
420 1320 627 1413 άκραιφνοῦς
659 1329 716 1394 καὶ
746 1328 878 1412 μέλιτος
909 1328 967 1393 καὶ
999 1325 1114 1393 ἐλαίου
1144 1329 1367 1414 παγκαρπίας.

200 1435 258 1521 (=
281 1435 369 1500 Eust.
387 1457 417 1518 p.
439 1435 534 1511 1525,
552 1435 620 1519 44).

286 1541 338 1607 44.
371 1541 543 1606 Eustath.
563 1564 592 1624 p.
615 1542 710 1618 1636,
728 1542 780 1607 50.
805 1537 838 1605 σί
857 1539 893 1604 δὲ
911 1539 1049 1605 παλαιοί
1067 1555 1151 1622 φασι
1169 1541 1231 1606 καὶ
1248 1531 1367 1618 οὕτως·

198 1641 346 1730 άκριες·
370 1643 471 1729 λόφοι
486 1639 589 1730 δρῶν,
608 1646 642 1711 οἳ
660 1649 717 1712 καὶ
735 1639 921 1730 άμβωνες.
946 1634 996 1711 οδν
1014 1637 1123 1732 πολλὴ
1140 1652 1267 1732 χρῆσις.
1292 1648 1369 1734 φησὶ

197 1759 280 1837 γοῖν
295 1752 433 1829 Αίλιος
452 1749 674 1830 Διονύσιος·
694 1747 858 1836 άμβωνες·
879 1747 980 1833 λόφοι
995 1743 1097 1837 δρῶν,
1116 1752 1174 1817 καὶ
1189 1751 1262 1830 ίτος
1280 1759 1369 1819 πᾶσα

159 1882 183 1921 15
198 1861 255 1924 καὶ
277 1854 353 1924 οίον
376 1850 484 1940 όφρύς
506 1860 563 1922 καί
586 1850 743 1944 ὑπεροχὴ,
766 1860 822 1923 καί
842 1859 935 1944 χείλη
959 1857 995 1923 δὲ
1018 1853 1193 1939 λοπάδων,
1218 1853 1309 1925 οίσν·

287 1967 426 2029 πολλῶν
449 1959 511 2052 ἤδη
535 1961 697 2031 λοπάδων
714 1957 795 2042 τοὺς
812 1958 968 2049 άμβωνας
985 1965 1175 2050 περιλείξας

287 2070 414 2155 (Eupol.
433 2071 471 2136 fr.
491 2072 542 2136 52.
562 2071 675 2159 Kock).

198 2176 321 2263 ἐρρέθη
341 2176 377 2242 δὲ
395 2178 453 2241 καὶ
472 2177 527 2241 ἐπὶ
545 2180 665 2262 μορίου
688 2179 882 2263 γυναικείου
906 2170 926 2242 δ
950 2170 1112 2264 άμβωνῑ).
1138 2176 1307 2263 φέρεται
1329 2176 1367 2243 δὲ

197 2286 263 2349 καί
291 2275 344 2349 ότι
372 2277 501 2367 άμβων·
531 2276 650 2361 λοπάς·
678 2286 735 2349 καί
757 2277 777 2371 ἦ
800 2291 859 2371 τῆς
877 2279 1027 2365 λοπάδος
1050 2279 1225 2350 ἐνδοτάτω
1249 2276 1367 2370 όφρύς·

198 2558 282 2621 atque
302 2552 407 2606 eisdem
426 2551 593 2606 testimoniis
612 2551 711 2616 ornati,
731 2567 793 2605 cum
811 2567 866 2605 uno
884 2552 944 2605 loco
963 2548 1088 2605 adhibito
1107 2549 1367 2619 (διομόσαιτο.

197 2641 224 2706 4)
243 2656 305 2695 cum
324 2641 463 2696 Pausania
481 2639 628 2694 convenire
648 2639 807 2707 videantur,
831 2638 945 2708 Giesing
962 2656 990 2708 p.
1008 2639 1044 2694 46
1062 2636 1176 2693 efficere
1195 2638 1317 2705 studuit,
1338 2643 1368 2693 ut

197 2730 285 2783 omnis
309 2729 435 2785 doctrina
458 2745 493 2784 ex
516 2728 657 2783 atticistao
677 2727 787 2782 scriniis
806 2728 896 2796 petita
915 2732 996 2782 esset.
1034 2725 1086 2781 (lui
1104 2726 1285 2782 coniecturas
1305 2725 1366 2781 ideo

197 2833 251 2872 non
280 2819 448 2887 adstipulatu,
479 2819 551 2887 quod
579 2816 654 2872 locus
682 2818 850 2886 Sophocleus
879 2833 914 2872 ex
942 2821 1051 2872 servata
1078 2814 1177 2870 fabula
1199 2814 1310 2885 petitus
1332 2815 1366 2870 ab

197 2905 340 2976 episcopo,
365 2907 412 2974 qui
435 2907 598 2975 Sophoclem
621 2906 772 2961 sescenties
796 2908 904 2972 laudat,
928 2907 964 2960 ad
989 2903 1155 2961 Pausaniam
1180 2905 1286 2959 allatus
1308 2917 1366 2959 esso

196 2995 295 3064 potuit.

287 3085 307 3149 θ)
327 3083 361 3137 cf.
381 3084 447 3137 Hcs.
467 3078 655 3150 ἁμασυκάδες.

286 3171 308 3238 ³)
327 3172 362 3227 cf.
382 3173 447 3225 Hes.
467 3188 487 3226 s.
507 3189 531 3225 v.
551 3166 692 3240 ἁμάμηλις
715 3179 743 3226 et
765 3173 795 3226 in
819 3175 946 3241 corrupto
969 3165 1122 3240 άμόμηλις,
1147 3171 1194 3226 oui
1212 3170 1367 3241 obloquitur

196 3262 298 3315 Athen.
315 3261 496 3315 X1V.650.d.
524 3261 629 3315 Eodem
647 3261 707 3316 loco
726 3261 800 3315 euim
819 3261 899 3316 dicit:
920 3255 1103 3329 Πάμφιλος
1120 3255 1152 3313 δὲ
1171 3255 1205 3314 ἐν
1223 3261 1368 3330 τοῖςπερὶ

198 3352 338 3419 γλωσσῶν
356 3350 405 3402 καί
424 3343 573 3415 ὀνομάτων
593 3345 722 3417 ἐπιμηλίς
746 3351 833 3418 φησίν
852 3345 945 3404 ἀπίων
963 3346 1053 3419 γένος.
1083 3347 1117 3403 cf.
1137 3348 1204 3402 Hcs.
1226 3343 1366 3418 ἐπιμηλίς·

197 3433 302 3507 πόρπη.
323 3439 372 3491 καί
390 3431 477 3491 άπίου
496 3435 583 3507 γένος.
603 3439 676 3493 unde
696 3437 862 3493 coniecerim
881 3437 967 3493 etiam
981 3439 1098 3492 alteram
1118 3438 1239 3506 glossam
1258 3430 1367 3506 ἃμάμη-

197 3530 239 3591 λις
257 3527 292 3581 ad
311 3526 486 3595 Pamphilum
505 3527 691 3581 reducendam
711 3542 780 3580 esse.
1257 3580 1262 3585 .

241 3617 284 3671 43.
305 3618 326 3682 1)
346 3616 422 3683 Quae
442 3616 568 3670 doctrina
587 3618 661 3683 apud
679 3615 890 3684 lexicographos
909 3632 964 3669 uon
986 3613 1112 3670 recurrit.
1147 3614 1192 3670 Ea
1210 3630 1285 3684 quae
1303 3616 1367 3671 Hes.

197 3707 247 3760 sub
270 3705 289 3758 f.
314 3705 433 3774 praebet
452 3704 604 3774 Κορίνθιοι
627 3701 659 3757 δὲ
681 3699 715 3757 τὸ
739 3704 850 3773 κρίνον,
875 3705 981 3773 repetit
999 3705 1065 3758 Ath.
1085 3703 1143 3759 XV.
1163 3703 1247 3759 681Β
1267 3703 1368 3775 Κορίν-

197 3798 257 3848 θιοι
277 3790 303 3847 δ’
324 3790 393 3849 αὐτὸ
413 3788 456 3861 (τὸ
475 3793 584 3862 κρίνον)
604 3794 653 3846 καί
671 3789 832 3862 ἀμβροσίαν
851 3795 996 3855 καλοῦσιν,
1017 3781 1056 3855 άίς
1074 3806 1143 3860 φησι
1156 3789 1321 3862 Νίκανδρος
1337 3786 1368 3846 ἐν

198 3878 347 3946 Γλώσσαις
365 3882 382 3935 i.
404 3898 426 3936 ε.
446 3881 586 3936 Nicander
605 3881 797 3951 Thyatircnus.
831 3883 915 3950 Apud
934 3883 1109 3935 Athenaeum
1133 3884 1228 3934 autem
1252 3880 1367 3937 eandam

197 3971 352 4025 doctrinam
366 3969 489 4024 invenies
505 3971 552 4024 XI.
563 3970 652 4024 4733.
667 3969 817 4024 Anticlidis
831 3963 1012 4040 Ἐξηγητικός
1026 3968 1066 4023 ibi
1081 3966 1224 4023 laudatur:
1244 3960 1262 4035 ἦ
1277 3962 1306 4022 δ’
1316 3961 1368 4036 ἄμ·

196 4060 312 4128 βροσία·
329 4048 407 4129 ὕδωρ
421 4056 587 4129 ἀκραιφνὲς,
607 4052 702 4113 ἔλαιον
717 4059 892 4129 παγκαρπία,
912 4059 997 4124 (Euat.
1012 4059 1088 4126 1636,
1102 4058 1135 4112 16
1148 4054 1276 4126 eadem):·
1289 4057 1368 4111 cuius

197 4148 363 4202 sententiam
379 4148 497 4203 fortasse
511 4147 676 4202 Naucratita
695 4164 730 4202 ex
742 4148 903 4202 Philemone
923 4149 992 4219 περί
1007 4141 1136 4201 Ἀττικῶν
1150 4145 1301 4216 γλωσσῶν,
1321 4143 1369 4216 qui

196 4234 277 4290 initio
295 4236 404 4305 glossae
423 4231 560 4300 κάδισκος
578 4237 701 4304 affertur,
720 4237 859 4306 petiverit.

240 4325 284 4386 44.
304 4326 325 4394 1)
344 4325 379 4380 cl.
398 4341 424 4399 p.
445 4325 523 4390 1539,
543 4325 585 4386 34.
