3000 5040
723 276 786 344 193

166 455 291 523 γουσαν
311 446 375 504 τοῦ
396 433 628 525 μόλυβδοςῙ)
653 431 707 505 διὰ
730 446 793 504 τοῦ
811 463 832 503 υ
849 438 1045 524 προέφερον
1069 436 1102 504 οἱ
1127 422 1268 526 άρχαϊοι,
1291 427 1338 518 οός

166 547 221 610 καὶ
237 551 301 611 τοῦ
317 541 447 626 βύβλος.
470 545 608 623 Αίλιος
626 553 709 631 γοῦν
727 542 940 623 Διονύσιός
963 564 1076 633 φησιν,
1099 537 1153 612 ότι
1170 543 1338 633 μόλυβδος

167 643 219 718 διὰ
245 659 310 718 τοῦ
336 677 358 717 υ
384 652 442 718 καὶ
468 654 497 720 δ.
538 643 625 719 ὅθεν
654 644 779 740 δηλαδὴ
807 647 1034 739 ὁμοιόγραφος
1060 655 1118 718 καὶ
1145 646 1165 741 ἡ
1193 650 1338 740 μολύβ-

166 757 326 844 δαινα1).
360 756 398 824 ἐν
420 759 457 825 δὲ
479 765 529 845 τῷ

323 861 460 949 μόλιβος
483 856 529 943 τός
552 857 712 951 ἐτράπετ’
735 861 832 952 αἰχμή
1365 883 1378 924 ⁵

167 962 220 1036 διὰ
241 970 377 1058 μέτρου,
401 973 538 1053 φασὶν,
562 962 653 1038 οὕτω
675 971 866 1058 γέγραπται.
908 971 981 1038 ἐπεὶ
1004 973 1062 1037 καὶ
1078 965 1191 1050 Ἴωνες
1214 965 1340 1057 ὁμοίως

160 1070 319 1156 Ἀττικοῖς
339 1074 509 1162 μόλυβδον
532 1077 694 1163 λέγουσιν.

255 1185 330 1249 259.
361 1185 535 1251 Eustath.
554 1208 584 1269 p.
605 1184 705 1262 1539,
724 1185 776 1250 30.
809 1177 827 1251 ὁ
858 1186 894 1251 δὲ
920 1181 1091 1271 μόνιππος
1115 1177 1199 1272 άνῆρ
1223 1177 1340 1270 όμοιος

147 1298 215 1376 -τῴ
237 1291 454 1377 κελητίζοντι.
496 1293 578 1378 φησὶ
603 1284 666 1377 γὰρ
694 1283 713 1357 ὁ
742 1283 843 1369 αὐτὸς
866 1294 1095 1368 Παυσανίας
1123 1283 1227 1358 οότω·
1268 1289 1338 1378 μό-

167 1398 363 1483 νιππος1)·
386 1390 406 1463 ὁ
430 1397 487 1463 ἐπὶ
508 1389 585 1475 ἑνός
607 1395 715 1463 ἵππου
738 1390 984 1482 ἀγωνιζόμενος
1008 1395 1131 1484 δρόμῳ.
1353 1419 1380 1458 10

257 1505 331 1570 260.
363 1505 535 1570 Eustath.
558 1528 588 1588 p.
610 1506 705 1586 1476,
725 1507 777 1570 61.
810 1503 844 1569 αἱ
869 1506 906 1570 δέ
927 1529 963 1590 γε
985 1506 1222 1591 μυστίλαιῑ),
1245 1495 1339 1592 ovo}

167 1611 229 1695 μὲν
253 1603 401 1696 ἄρχουσα
425 1602 480 1676 διά
502 1618 565 1676 τοῦ
583 1621 615 1691 ri,
637 1604 658 1697 ἡ
682 1611 718 1676 δε
736 1607 975 1698 παραλήγουσα
995 1604 1049 1678 διά
1066 1618 1129 1676 τοῦ
1147 1611 1241 1691 loica,
1264 1630 1339 1696 ψω-

167 1719 224 1802 μοί
256 1715 320 1782 είσι
347 1722 471 1800 κοῖλοι,
503 1712 578 1784 οἷον
609 1714 796 1803 μίστραί)
828 1711 915 1784 κατὰ
942 1718 1084 1784 Αἴλιον
1113 1715 1340 1799 Αιονόσιον,

168 1823 343 1889 τουτέστιν
361 1826 504 1910 μυστρία
523 1823 629 1889 εἰπεῖν
645 1823 832 1902 ἰδιωτικῶς.
865 1826 921 1890 καὶ
940 1827 1241 1911 μυστιλᾶσθαίῧ)
1259 1842 1341 1912 φησι

168 1921 208 1995 τό
232 1920 342 2008 οὕτως
364 1930 500 1997 ἐσθίειν.
533 1924 620 1996 κατὰ
644 1932 680 1998 δὲ
704 1926 826 2008 ἄλλους
847 1924 887 1998 τὸ
912 1934 1096 1998 κοιλαίνων
1119 1928 1267 2017 ψωμούς.
1355 1949 1381 1989 15

735 2187 776 2246 N.

259 2342 333 2406 261.
365 2342 538 2408 Eustath.
560 2364 590 2425 p.
610 2342 689 2419 229,
706 2342 737 2406 4.
770 2340 882 2406 ἰστέον
906 2341 942 2407 δὲ
966 2332 1019 2407 ὅτι
1042 2340 1180 2418 Αἴλιος
1202 2338 1341 2407 Διονύ-

171 2463 254 2524 σιος
277 2439 473 2532 ὁμωνυμίαν
496 2443 618 2533 εἰσάγει
640 2456 704 2514 τοῦ
726 2455 880 2528 νεοσσοῦ,
904 2444 990 2515 ἔνθα
1014 2449 1130 2534 φησὶν,
1154 2439 1206 2513 ὅτι
1229 2471 1340 2514 νεοτ-

169 2545 273 2640 τδςῑ)
297 2554 434 2631 λέκιθος
457 2547 537 2640 niori.

214 2805 275 2858 258.
294 2805 316 2871 1)
336 2803 376 2858 Cf.
395 2821 422 2873 p.
441 2804 507 2870 841,
527 2805 569 2858 17.
592 2805 679 2858 Mocr.
698 2821 725 2873 p.
744 2805 810 2870 203,
830 2806 855 2859 8.
878 2804 923 2858 Et.
942 2805 979 2857 M.
998 2804 1063 2869 590,
1083 2802 1108 2856 8.
1127 2803 1172 2858 Et.
1191 2803 1261 2858 Gud.
1280 2804 1341 2870 397,

170 2893 213 2946 21.
231 2892 299 2946 Zon.
319 2894 397 2948 1366.
416 2893 511 2948 Tittm.
530 2894 616 2948 Kock.
637 2894 710 2947 Com.
729 2893 779 2946 111.
798 2910 825 2961 p.
844 2893 906 2948 397.

260 2981 280 3046 ²)
300 2980 341 3036 Cf.
360 2982 439 3036 Phot.
458 2982 533 3037 Suid.
552 2983 618 3036 Hes.
637 2982 705 3036 Lex.
724 2981 838 3036 Bachm.
858 2982 919 3047 303,
939 2983 963 3036 4.

214 3070 276 3124 259.
297 3070 319 3139 ¹)
337 3072 407 3125 Arta
429 3072 560 3126 cohaeret
579 3088 641 3125 cum
658 3071 692 3125 fr.
712 3071 755 3125 45.
775 3072 835 3125 170.
854 3101 889 3111 -
909 3071 989 3124 Gonv.
1008 3071 1087 3124 Phot.
1107 3070 1182 3125 Suid.

214 3159 276 3214 260.
295 3160 317 3226 ¹)
336 3159 418 3214 Oonv.
436 3161 514 3214 Phot.
534 3176 555 3215 s.
574 3177 599 3214 v.
619 3160 764 3226 μυστίλαι,
788 3159 930 3227 μυστίλην.
959 3160 1024 3213 Hos.
1048 3159 1123 3214 Suid.
1142 3160 1210 3213 Lex.
1229 3159 1342 3214 Bachm.

170 3265 198 3317 p.
216 3248 279 3314 305,
298 3249 333 3316 9.,
352 3247 386 3303 cf.
401 3249 469 3303 Poll.
483 3249 532 3303 VI.
551 3248 594 3303 87.
614 3249 647 3303 Χ.
667 3250 709 3304 89.
730 3279 763 3287 -
782 3250 865 3302 Falso
884 3247 1017 3316 scriptum
1036 3265 1080 3318 ap.
1099 3248 1176 3303 Eust.
1195 3265 1222 3317 p.
1244 3250 1303 3314 135,
1316 3250 1341 3304 8.

172 3336 254 3406 Greg.
275 3337 335 3391 Gor.
354 3355 382 3406 p.
401 3338 462 3392 559,
482 3337 590 3393 Sohaef.
610 3337 763 3406 (confusum
782 3354 844 3392 cum
863 3339 1057 3404 μιστυλᾶσθαι
1075 3337 1158 3392 verbo
1181 3337 1342 3405 notissimo).

262 3426 283 3493 ²)
302 3425 343 3480 Of.
361 3427 462 3481 Athen.
482 3428 531 3481 111.
551 3444 577 3495 p.
598 3427 687 3481 126B.

262 3513 385 3582 ⁹)Oonv.
404 3516 469 3570 Hes.
492 3515 582 3570 Schol.
601 3517 649 3570 Ar.
673 3516 724 3584 Eq.
748 3515 809 3570 827.
834 3516 911 3570 1168.
931 3514 1021 3569 Schol.
1040 3515 1121 3583 prim.
1141 3516 1177 3568 ad
1200 3515 1248 3568 Ar.
1271 3513 1343 3567 Plut.

172 3604 233 3659 627.
253 3603 382 3670 (alterum
400 3604 530 3659 editionis
549 3605 621 3659 Iunt.
641 3620 676 3659 ex
694 3605 772 3658 Eust.
786 3621 813 3673 p.
830 3605 920 3670 135,8
938 3603 1051 3657 fluxisse
1069 3606 1154 3671 puto).
1174 3602 1219 3656 Et.
1232 3603 1269 3655 Μ.
1283 3602 1344 3667 595,

170 3694 224 3758 50,
243 3690 279 3747 cf.
298 3694 363 3746 Ath.
382 3693 429 3747 VI.
448 3695 538 3749 286F.

220 3781 282 3834 261.
302 3783 324 3849 ¹)
342 3783 490 3838 Praecedit
502 3783 697 3851 Aristophanis
710 3784 775 3853 Byz.
786 3781 920 3846 doctrina,
934 3780 968 3835 cf.
981 3781 1058 3833 Eust.
1069 3797 1096 3848 p.
1108 3781 1167 3845 753,
1181 3779 1223 3834 54.
1236 3778 1344 3846 Nauck,

172 3872 222 3925 Ar.
242 3872 308 3940 Byz.
326 3887 353 3940 p.
374 3873 433 3926 127.
462 3872 533 3925 Tum
555 3871 682 3939 sequitur
700 3871 865 3941 etymologia
883 3868 1044 3939 posterioris
1064 3869 1174 3935 aetatis,
1195 3867 1228 3921 cf.
1248 3868 1293 3921 Et.
1308 3868 1345 3920 M.

173 3959 236 4022 600,
249 3960 293 4013 47.
306 3961 351 4014 Et.
365 3960 435 4015 Gud.
449 3961 511 4025 406,
526 3961 568 4014 14.
594 3960 670 4014 Aelii
688 3959 814 4028 Dionysii
834 3959 958 4013 doctrina
976 3957 1095 4011 recurrit
1112 3974 1157 4025 ap.
1170 3958 1248 4010 Phot.
1262 3955 1345 4021 Suis,

171 4049 223 4102 sed
241 4048 328 4103 multo
347 4048 445 4103 fusior:
465 4044 593 4112 νεοττός·
612 4043 630 4116 ἡ
645 4052 696 4103 τοῦ
712 4043 771 4121 ᾠοῦ
784 4045 908 4110 λέκιθος.
932 4041 1026 4100 καὶτὸ
1040 4041 1156 4116 πυρρόν,
1179 4043 1347 4114 Μένανδρος

166 4132 277 4211 Ἀνδρέᾳ
295 4137 338 4205 (fr.
357 4139 392 4192 42
410 4139 500 4208 Kock)

385 4230 436 4282 καί
453 4222 599 4297 τεττάρων
619 4224 684 4300 (μ’ῶν
701 4221 774 4294 μετά
793 4227 886 4288 τοῦτο,
908 4219 1034 4294 φιλτάτη,

387 4313 419 4372 τδ
439 4311 574 4371 νεόττιον.

172 4402 324 4475 Κλέαρχος
347 4401 378 4460 έν
400 4410 440 4478 τῷ
465 4409 532 4476 περὶ
555 4401 621 4478 ᾠῶν
645 4399 847 4476 συγγράμματί
863 4419 962 4473 φησιν·
993 4397 1043 4476 (ρῷ
1066 4401 1218 4455 διαδίδοται
1236 4394 1252 4469 ἦ
1273 4395 1346 4471 άρχὴ

1100 4493 1132 4545 13
