3000 5040
720 254 763 319 54

246 414 456 503 βυσαύχην·
472 409 781 497 ὁίπιβουλευτικός.
797 416 942 481 doctrina
956 415 1169 482 atticistarum
1179 437 1231 501 ap.
1241 416 1327 482 Euat

158 549 187 610 p.
202 525 312 602 207,2
335 524 387 610 (fr.
405 525 463 610 97)
486 545 549 590 non
568 526 731 590 concinere
750 524 888 589 videtur:
911 528 1046 607 utraque
1064 544 1139 590 vero
1158 525 1327 591 ooniunota

158 655 208 716 ap.
227 631 304 698 Poll.
323 630 363 697 11.
385 630 456 708 135,
479 633 562 698 unde
584 653 698 697 nexum
721 631 924 696 statuendum
947 652 1014 697 esse
1036 636 1185 716 apertum
1208 636 1266 699 est

248 739 395 804 Fortasse
423 739 476 804 Ar.
495 740 567 822 Byz.
590 739 631 805 ab
659 739 809 804 atticistis
832 736 1059 822 respiciebatur
1084 738 1118 803 in
1140 739 1249 824 glossa
1271 738 1324 827 (u

158 846 237 922 417,
260 845 297 933 3)
325 845 517 930 Κίρκοοπες·
543 843 576 911 οὶ
598 852 784 931 πανοῦργοι
811 847 868 910 καὶ
896 837 1069 932 ἀπατηλοί.
1116 844 1154 913 ef.
1178 846 1323 913 Eustath.

158 976 187 1036 p.
209 953 303 1030 1430,
323 953 373 1018 35.
399 953 495 1029 1669,
512 952 565 1017 57.
588 951 872 1038 Ρ1]οί.κε’ρκοοπες
891 957 958 1030 ete,
980 957 1013 1018 et
1035 954 1069 1018 in
1091 952 1199 1037 glossa
1221 943 1323 1019 ύπου-

158 1063 216 1137 λος
238 1059 295 1146 (Μ.
314 1060 389 1137 418,
408 1061 444 1140 6)
467 1059 504 1125 oi.
523 1059 668 1125 Eustath.
688 1082 719 1143 p.
739 1060 835 1136 1769,
854 1060 907 1125 32.
925 1063 957 1124 et
980 1059 1018 1126 fr.
1037 1058 1112 1125 225.
1131 1065 1198 1128 not.
1218 1059 1248 1125 5.

248 1167 284 1252 6)
308 1165 354 1244 είς
377 1159 550 1248 ἀλαζώνας
573 1164 657 1252 (sio).
690 1165 748 1252 (M.
767 1188 797 1249 p.
815 1165 905 1251 419.)

248 1265 403 1355 ἀλαζών
436 1266 622 1360 ώνομάσθη
652 1264 744 1358 παρὰ
774 1264 815 1338 τὸ
849 1265 1021 1358 ἀλώμενος
1052 1277 1120 1359 ζῆν.
1168 1273 1209 1338 of.
1240 1273 1323 1339 Euat.

159 1406 188 1467 p.
200 1382 295 1460 1783,
306 1381 357 1445 37.
380 1391 486 1445 κεῖται
501 1379 541 1445 ἐν
557 1376 755 1466 ῥητορικῷ
769 1384 926 1466 λεξικηῦ,
945 1370 997 1446 ὅτι
1016 1371 1150 1462 ἀλαζών
1169 1372 1325 1467 ὁκυρίοος

160 1480 178 1553 ὃ
207 1479 274 1554 ἀπὸ
304 1479 383 1573 ἄλης
411 1491 479 1568 ζών
506 1489 563 1552 καὶ
591 1479 732 1574 ἀγύρτης
755 1487 808 1574 (ci.
827 1487 865 1553 fr.
885 1487 958 1553 349.
977 1491 1010 1553 et
1031 1493 1097 1554 not.
1118 1486 1162 1575 1).
1208 1487 1326 1554 Eadem

158 1596 257 1679 igitur
280 1600 329 1659 est
352 1595 549 1678 etymologia,
573 1615 612 1658 ex
634 1593 848 1679 Aristophane
869 1593 979 1678 prooul
1002 1592 1099 1660 dubio
1121 1594 1277 1661 derivata.

248 1703 283 1787 7)
308 1700 354 1778 είς
380 1693 558 1786 ἀγοραίους
580 1703 637 1766 καὶ
658 1697 945 1789 πολυπράγμονας
970 1701 1028 1766 καὶ
1050 1697 1325 1788 φιλεγκλήμονας.

248 1807 291 1875 Μ.
308 1831 339 1892 p.
357 1808 433 1885 421,
451 1809 481 1872 2.
505 1803 874 1894 ίγγλιοττογάσταιρ·
899 1801 918 1874 ὃ
937 1799 1005 1873 ἀπὸ
1027 1803 1178 1895 γλώττης
1201 1808 1326 1894 διατρε-

159 1910 316 2000 φόμενος.
341 1914 378 1981 of.
392 1915 480 1980 Euat.
498 1938 528 1999 p.
548 1914 643 1992 1825,
666 1915 706 1980 14
730 1911 1061 2001 ίγγλωττογάστορας
1078 1905 1186 2001 παρὰ
1201 1914 1327 2000 Αἰλίῳ

160 2023 357 2107 Διονυσίῳ
381 2018 414 2087 οἱ
437 2013 505 2087 ἀπὸ
524 2017 672 2109 γλώττης
691 2027 822 2104 ζῶντες.
852 2021 904 2110 (fr.
925 2021 1147 2110 14211012).
1179 2021 1328 2090 Fortasse

158 2134 246 2196 totus
268 2129 321 2195 ille
344 2130 506 2213 catalogus
528 2151 578 2213 ap.
596 2129 686 2195 Euat.
705 2152 735 2213 p.
757 2129 858 2207 1471,
876 2127 897 2192 5
924 2135 1068 2196 servatus
1089 2150 1148 2214 per
1169 2128 1327 2198 atticistas

159 2238 201 2303 ari
223 2257 280 2302 nos
302 2237 455 2321 pervenit.

250 2345 284 2431 8)
309 2342 356 2422 είς
377 2333 510 2429 μωρούς
533 2343 590 2408 καὶ
609 2335 749 2430 εὐήθεις.

248 2452 296 2517 De
317 2451 597 2538 τηθαλλαδούς
619 2472 693 2516 voee
716 2451 780 2515 iam
803 2471 899 2534 supra
923 2451 1042 2534 egimus
1063 2472 1094 2533 p.
1112 2449 1166 2515 42.

249 2545 363 2636 ώτος·
396 2553 484 2634 εἶδος
507 2549 630 2644 ἀρνίου
652 2561 809 2645 μιμηλοῦ,
836 2547 921 2643 πρὸς
943 2565 1015 2634 τοϊς
1038 2548 1101 2622 ώσὶ
1122 2548 1184 2634 τὰς
1207 2556 1327 2644 πτέρυ-

160 2690 219 2751 γας
242 2661 391 2750 ίχοντος,
416 2656 536 2750 ὁμοίου
558 2667 678 2750 γλαυκὶ
701 2657 747 2742 ώς
768 2657 986 2751 Ἀριστοτέλης
1009 2665 1124 2750 φησὶν·
1158 2655 1270 2743 ούτως
1293 2665 1328 2730 δὲ

161 2774 217 2837 καὶ
238 2763 318 2850 τούς
341 2764 608 2859 εύεξαπατήτους
632 2773 744 2854 φασίν.
778 2770 830 2857 (of.
849 2771 930 2836 Hist.
951 2771 1052 2835 Anim.
1073 2771 1160 2837 VIIL
1182 2771 1249 2860 12).

250 2878 288 2943 of.
306 2879 394 2944 Euat.
413 2901 444 2962 p.
462 2879 542 2956 561,
560 2880 591 2943 4.
614 2877 753 2956 Αίλιος
781 2877 857 2964 61¹)
882 2873 1103 2956 Διονύσιος·
1137 2865 1242 2960 ώτος,
1271 2871 1327 2965 ὄρ-

160 3007 241 3051 νεον
270 2974 288 3049 ὃ
316 2985 394 3069 περὶ
417 2975 458 3050 τὰ
482 2973 554 3050 ώτα
576 2977 737 3070 πτερύγια
760 2981 835 3068 ίχει.
856 3023 898 3033 -
921 2976 1001 3062 τούς
1025 2980 1172 3070 χαύνους
1194 2987 1254 3053 καὶ
1275 3009 1328 3052 κε-

162 3086 323 3172 νοδόξους
354 3084 463 3168 ώτοος
495 3088 648 3157 ἐκάλουν.
686 3091 738 3178 (fr.
766 3091 855 3178 336.)
902 3091 1078 3158 consensus
1109 3097 1240 3177 apertus
1272 3100 1327 3160 est.

160 3199 213 3264 Ad
235 3199 339 3262 locum
360 3199 454 3263 modo
477 3198 640 3264 laudatum
664 3199 732 3283 ipse
754 3205 905 3283 provocat
928 3200 1093 3283 episeopus
1110 3221 1140 3282 p.
1161 3197 1259 3278 1522,
1277 3199 1328 3265 55.

161 3300 305 3391 λάρους
332 3296 412 3381 τοὺς
440 3297 574 3391 εὐήθεις
600 3305 718 3390 φαμὲν.
761 3297 852 3371 ούτοο
886 3304 921 3371 δὲ
949 3306 1007 3371 καὶ
1034 3303 1227 3388 κίπφους,
1261 3297 1328 3372 ἀπὸ

161 3406 304 3493 κούφου,
328 3400 374 3487 ώς
397 3429 500 3494 φασιν
524 3409 557 3476 οἱ
579 3414 717 3478 παλαιοὶ
740 3413 775 3499 (i.
795 3403 1255 3499 ε.Αε1.])ἰοο.)ύρνιθαρίου
1273 3413 1330 3479 καὶ

161 3509 461 3603 εὐμεταχειρίστου,
494 3510 586 3583 καθὰ
618 3520 676 3583 καὶ
707 3511 797 3605 παρὰ
829 3527 878 3605 τῷ
910 3525 1050 3604 κωμικῷ
1083 3514 1174 3584 ἔστιν
1208 3511 1327 3607 εὑρεῖν.

161 3625 218 3689 καὶ
240 3611 335 3690 ώτοι
359 3625 395 3691 δὲ
414 3621 447 3689 οἱ
466 3618 563 3689 αύτοὶ
581 3616 648 3690 ἀπὸ
668 3618 808 3711 ὄρνιθος
825 3631 970 3714 μιμηλοῦ
987 3627 1045 3691 καὶ
1067 3617 1329 3712 εύεξαπατὴτου,

162 3724 207 3810 ὡς
231 3723 377 3816 ἀλλαχοῦ
400 3736 516 3814 σαφώς
540 3733 707 3819 δηλοῦται.

249 3839 328 3904 Inde
356 3841 419 3904 iam
446 3845 579 3924 apparet
606 3840 684 3906 Mill.
706 3863 736 3924 p.
759 3840 839 3917 421,
864 3842 914 3906 17.
933 3840 971 3906 ef.
990 3839 1101 3905 Nauck
1121 3862 1152 3924 p.
1172 3840 1224 3907 81.
1248 3839 1328 3906 κέπ-

162 3969 239 4030 φος·
264 3937 331 4012 ἀπὸ
350 3942 483 4030 κούφου
500 3938 593 4025 τινὸς
608 3939 808 4034 ὄρνιθαρίου
826 3948 884 4013 καὶ
902 3939 1190 4033 εὐμεταχειρίστου
1203 3947 1328 4014 Aristo-

162 4054 286 4138 phanea
318 4053 437 4120 fontem
468 4054 565 4121 fuisse
592 4055 677 4122 Aelii
704 4056 849 4140 Dionysii
881 4059 914 4120 et
941 4049 1042 4139 λάρος
1069 4053 1122 4140 (of.
1145 4052 1250 4121 SehoL
1274 4053 1328 4120 Ar.

253 4305 273 4371 l)
291 4304 465 4358 Praecedunt
479 4299 592 4359 verbao
611 4300 724 4360 εἰκών.
744 4293 829 4367 οἶτος·
849 4298 968 4372 τιλήαιος
985 4305 1094 4373 γλαυκὶ,
1116 4296 1189 4372 ἔχων
1206 4305 1273 4374 περὶ
1292 4297 1327 4356 τὰ

163 4381 223 4447 ὦτα
242 4386 387 4463 πτερύγια.
408 4389 435 4447 οἱ
454 4392 483 4448 δὲ
503 4389 702 4462 νυκτικόρακα.
739 4395 869 4449 Fortasse
887 4393 973 4462 igitur
991 4393 1145 4448 Pausaniae
1165 4396 1236 4447 sunt.
