3000 5040
805 259 867 325 154

342 420 412 486 155.
445 420 665 504 Εαοίο15,ιρ.
684 420 759 496 947,
777 420 806 486 6.
840 415 1033 509 ίλλάδες1)
1056 420 1094 486 δέ
1110 439 1192 505 φασι
1210 411 1289 486 κατ’
1302 413 1425 498 Ἴωνας

250 530 364 613 δεσμοὶ
383 525 419 610 ἐξ
436 523 585 612 ἱμάντων
603 522 624 614 ἢ
642 523 754 612 λόγων
777 519 845 594 άπὸ
869 535 932 594 τοῦ
955 526 1069 607 είλλω,
1092 520 1112 615 ἢ
1136 527 1245 593 ἴλλω·
1277 519 1341 609 ,τό
1366 544 1423 592 συ-

250 635 415 732 στρέφωίί,
434 628 480 712 ῶς
498 633 535 701 ἐν
554 634 635 701 stoa
654 630 888 720 στρεβλώσεως
896 636 933 722 ¹).
957 634 1087 720 λέγεται
1108 626 1169 720 γάρ
1192 636 1250 700 καὶ
1273 632 1330 700 ἐπὶ
1351 656 1423 699 τοι-

250 738 351 830 αότης
375 743 532 830 σημασίας
550 734 589 808 τό
614 741 723 823 είλεῖν,
747 736 793 820 ῶς
817 743 913 830 δηλοῖ
933 744 989 807 καὶ
1013 734 1032 808 ό
1052 742 1279 819 Παυσανίας
1298 733 1421 807 είιτών·

222 868 235 907 5
250 845 373 915 είλάειν
388 850 421 935 (l.
432 849 640 937 siiietv)³)·
662 854 853 935 στρεβλοῦν,
867 849 1003 931 πιέζειν.
1026 845 1169 933 μάλιστα
1184 848 1220 915 δὲ
1234 847 1290 914 ἐστὶ
1308 840 1423 934 ὑγρῶν

1148 947 1165 973 Ἃ

250 954 357 1022 οἰκεία
383 950 404 1042 ἡ
432 955 528 1038 λε’ξις,
559 951 635 1022 οἶον
667 961 850 1039 σταφυλῶν
878 948 972 1041 [κατ’
996 947 1116 1041 αὐτόν]
1144 982 1164 1043 η
1189 953 1321 1022 ἐλαιῶν.
1363 956 1424 1019 καὶ

250 1062 408 1150 είλεῖν4)
427 1055 467 1129 τό
487 1058 653 1148 συνάγειν,
676 1065 809 1150 φησὶν,
833 1062 879 1141 εἰς
896 1054 1001 1129 ταάτό
1021 1057 1201 1145 σταφυλάς.
1225 1058 1361 1148 ἕτερος
1386 1061 1423 1127 δὲ

249 1165 431 1254 τεχνικός
454 1187 569 1258 φησιν·
593 1169 729 1235 είλεῑν·
754 1168 918 1252 ἐκπιέζειν
942 1169 1053 1248 ἐλαίας
1075 1161 1096 1257 ἢ
1120 1169 1299 1254 στέμφυλα.

341 1278 412 1343 156.
445 1276 619 1343 Eustath.
638 1300 668 1361 p.
686 1277 780 1355 1435,
799 1278 850 1342 62.
880 1267 920 1342 τό
945 1276 981 1343 δὲ
1005 1273 1112 1355 ἔειπες
1135 1272 1200 1361 ἔχει
1222 1300 1273 1354 τις
1294 1271 1424 1362 γράψαι

214 1402 240 1442 1⁰
252 1386 310 1450 καὶ
338 1380 459 1462 ἔειπας.
501 1386 580 1472 φησὶ
607 1376 670 1470 γάρ
693 1383 833 1462 Αίλιος
855 1380 1112 1471 ΔιονύσιοςΙ),
1140 1374 1193 1450 ότι
1220 1378 1335 1449 εἶπον
1363 1384 1424 1448 καὶ

250 1487 329 1557 εἶτα
352 1483 525 1576 ἀμφότεροι
547 1482 638 1576 παρὰ
656 1482 828 1571 Ἀττικοῖς,
854 1475 983 1574 μᾶλλον
1011 1490 1048 1557 δὲ
1074 1481 1115 1556 τό
1142 1485 1321 1576 πρότερον.
1363 1490 1423 1554 καὶ

250 1590 292 1663 τά
319 1588 549 1684 προστακτικόι
577 1597 614 1663 δὲ
642 1595 714 1663 εἰπὲ
741 1599 798 1663 καὶ
825 1599 846 1678 †
873 1589 971 1663 εἰπόν
999 1589 1169 1679 ὀξυτόνως
1196 1596 1258 1682 †²).
1300 1597 1359 1662 καὶ
1387 1593 1423 1660 αἱ

250 1705 386 1789 μετοχαὶ
410 1697 428 1769 ὁ
453 1695 559 1769 είτιων
582 1705 639 1769 καὶ
663 1696 681 1770 ό
706 1702 846 1791 είιιαςῧ).
870 1703 982 1770 ίστέον
1006 1703 1042 1769 δὲ
1065 1695 1119 1770 ότι
1141 1698 1299 1788 καθάπερ
1323 1697 1422 1769 εἶτον

251 1989 350 2045 28611.
370 1989 418 2044 IX.
438 1988 527 2044 4000
546 1989 590 2058 (--
608 1989 847 2056 Eust.1534‚15).
867 2019 899 2028 -
918 1988 962 2042 Ex
980 1987 1105 2045 Suetonii
1123 1992 1275 2044 scortorum
1293 1989 1422 2059 catalogo

251 2080 424 2148 desumptum
443 2083 494 2147 est,
514 2077 549 2133 ο1.
567 2078 646 2133 Eust.
664 2095 691 2147 p.
711 2079 789 2143 1922,
809 2080 833 2134 1.
852 2077 927 2133 Suid.
947 2094 967 2132 s.
987 2095 1012 2133 v.
1031 2072 1159 2147 μυσάχνη
1178 2076 1249 2132 Prol.
1268 2093 1295 2146 p.
1315 2078 1359 2133 53.

296 2169 355 2224 155.
376 2169 395 2232 ¹)
416 2167 497 2223 Gonu.
516 2167 581 2222 Hes.
601 2167 676 2222 Suid.
695 2183 716 2221 s.
736 2185 760 2220 v.
780 2162 897 2230 ίλλάδες,
917 2167 991 2223 Suid.
1005 2162 1097 2221 litoius
1115 2167 1159 2221 Et.
1173 2166 1243 2221 (iud.
1260 2183 1287 2236 p.
1301 2167 1363 2233 277,
1378 2168 1421 2223 10.

250 2257 296 2312 Et.
314 2257 352 2312 M.
370 2257 431 2325 470,
451 2256 512 2312 282.
531 2258 591 2312 290.
610 2255 667 2325 (ubi
686 2250 854 2323 ἰαλλόμενος
871 2259 1029 2325 corruptum
1046 2256 1077 2311 in
1095 2248 1184 2322 ίλλόμ.
1204 2254 1345 2324 corrigas).

340 2346 361 2413 ²)
379 2346 485 2401 Eadem
512 2347 591 2402 Paus.
615 2361 659 2415 ap.
683 2345 760 2401 Eust.
783 2361 811 2414 p.
837 2346 918 2412 1769,
942 2345 985 2400 32.
1000 2361 1058 2414 sqq.
1082 2343 1117 2399 of.
1141 2344 1219 2399 Phot.
1243 2338 1418 2398 κατουλάδα.

252 2434 286 2490 of.
305 2433 339 2489 fr.
358 2435 419 2490 225.

340 2523 362 2591 ⁸)
380 2524 426 2580 Sio
444 2524 627 2590 scribendum,
647 2523 682 2579 ef.
697 2525 775 2579 Phot.
790 2524 808 2578 l.
828 2525 846 2579 l.
865 2524 915 2578 sub
933 2522 980 2578 fin.
1001 2516 1104 2578 τίλλειν
1121 2517 1178 2594 γὰρ
1196 2518 1228 2576 τὸ
1247 2519 1423 2594 συστρέφειν

246 2600 376 2683 Ὅμηρος.
405 2615 471 2669 Hes.
489 2614 618 2683 praebet:
639 2609 789 2683 εἰλόμενοι,
810 2610 978 2682 εἰλομένων,
999 2607 1171 2679 είλλόμευον.
1198 2611 1242 2666 Ex
1259 2626 1336 2666 more
1354 2611 1422 2666 atti-

253 2702 324 2757 cista
332 2717 413 2757 voces
424 2719 449 2757 ει
455 2703 625 2772 diphthongo
631 2719 681 2772 pro
693 2701 875 2773 sposterioris
884 2703 986 2758 aetatis
992 2702 1115 2757 adhibet.
1126 2702 1225 2756 Aesoh.
1232 2699 1265 2755 fr.
1270 2701 1306 2756 25
1311 2699 1421 2756 Nauck.

340 2791 362 2859 ι)
381 2790 416 2846 ο1.
434 2791 480 2846 Et.
492 2793 530 2847 M.
545 2792 606 2859 424,
619 2793 661 2847 43.
674 2792 719 2848 Et.
733 2792 803 2848 (iud.
819 2793 879 2858 166,
892 2793 935 2848 32.
949 2793 1009 2858 180,
1024 2792 1067 2846 52.
1081 2789 1116 2845 cf.
1128 2789 1163 2845 fr.
1176 2790 1236 2846 377.
1249 2789 1322 2844 Prol.
1334 2805 1361 2859 p.
1377 2790 1421 2866 18.

297 2880 353 2936 156.
373 2881 394 2947 ²)
414 2880 512 2936 Omnia
531 2897 566 2936 ex
583 2883 616 2937 A.
636 2882 669 2938 D.
688 2881 797 2951 prolata
816 2897 877 2937 esse
896 2883 1065 2936 demonstrat
1082 2879 1196 2934 Photius
1219 2895 1240 2934 s.
1259 2897 1284 2934 v.
1303 2871 1421 2949 ἤνεγκα.

251 3000 286 3011 -
301 2972 346 3025 An
359 2968 466 3024 Naberi
484 2969 604 3040 suspicio
622 2973 659 3026 ad
676 2972 695 3026 1.
714 2972 741 3038 1.,
761 2971 846 3026 etiam
864 2971 895 3025 B.
915 2971 948 3025 A.
967 2970 1010 3036 41,
1029 2970 1064 3024 28
1082 2971 1137 3024 huo
1154 2967 1331 3024 referendum
1350 2983 1422 3037 esse,

251 3062 329 3114 reete
348 3074 378 3114 se
396 3059 513 3128 habeat,
533 3059 637 3116 dubito.
657 3091 690 3100 —
709 3061 783 3116 Mira
802 3065 873 3126 sunt,
894 3076 964 3129 quae
984 3058 1103 3113 Antiatt.
1122 3075 1149 3128 p.
1168 3059 1216 3126 98,
1237 3059 1279 3113 10.
1298 3048 1423 3128 ἤνεγκον

253 3143 301 3204 ἐπὶ
318 3142 434 3218 πρώτου
453 3143 623 3220 προσώπου·
642 3151 796 3218 Σοφοκλῆς
812 3152 905 3221 Τυροῖ,
922 3142 1121 3220 Ἀριστοφάνης
1143 3146 1355 3218 θεσμοφορίοις
1372 3162 1422 3201 ex·

252 3236 345 3306 hibet,
366 3253 427 3292 oum
445 3253 490 3292 res
508 3237 735 3294 manifestissima
753 3238 865 3294 minime
879 3241 961 3309 egeat
980 3236 1153 3293 testimoniis.
1167 3266 1202 3276 —
1220 3235 1255 3291 of.
1269 3235 1360 3292 SehoL
1372 3237 1422 3290 Ar.

252 3327 321 3383 Rau.
342 3326 420 3381 1299.

342 3415 363 3487 1)
381 3415 436 3470 Vel
453 3417 486 3470 A.
506 3416 540 3471 D.
559 3416 737 3471 vehementer
752 3420 835 3484 erret,
855 3417 908 3483 vel,
929 3418 1001 3487 quod
1013 3415 1099 3471 multo
1112 3414 1222 3470 videtur
1239 3412 1421 3484 probabilius,

252 3504 331 3559 Eust.
350 3521 386 3559 ex
409 3521 484 3560 more
508 3520 556 3560 suo
580 3506 714 3574 quaedam
737 3505 854 3561 miscuit.
887 3507 930 3560 De
948 3522 979 3560 re
998 3504 1033 3560 of.
1053 3504 1121 3560 Lob.
1140 3504 1177 3559 ad
1193 3503 1294 3572 Phuyn.
1312 3519 1340 3572 p.
1359 3503 1422 3568 348,

254 3592 301 3662 qui
316 3592 496 3649 Sohaeferum
515 3594 551 3649 ad
569 3593 683 3663 Gregor.
701 3611 727 3664 p.
741 3595 792 3650 341
812 3596 984 3664 impugnans,
1004 3589 1086 3649 εἰπὸν
1104 3591 1298 3661 imperativum
1314 3589 1424 3646 nullum

253 3681 338 3738 fuisse
357 3684 513 3739 luculenter
528 3683 734 3739 demonstravit.
758 3683 851 3739 Verba
864 3685 1076 3754 transponenda,
1091 3688 1119 3737 et
1134 3678 1197 3736 εἰπὲ
1210 3673 1353 3746 ὀξυτόνως
1370 3681 1422 3734 καὶ

254 3765 336 3827 εἶπον
349 3773 468 3842 legenda
482 3779 554 3841 suut,
574 3772 609 3828 of.
620 3773 752 3828 Choerob.
762 3790 807 3842 ap.
818 3774 920 3829 Herod.
931 3775 951 3828 Ι.
964 3790 991 3842 p.
1002 3773 1063 3837 460,
1073 3773 1117 3834 22,
1138 3769 1193 3839 qui,
1213 3785 1248 3824 ex
1265 3769 1422 3824 Menandro

255 3854 337 3916 εἶτον
355 3864 398 3929 (--
412 3859 493 3929 εἰτιὲ).
512 3863 637 3930 laudans,
657 3860 771 3916 formam
790 3858 871 3917 εἰπὸν
890 3868 920 3916 ut
938 3861 1022 3932 plane
1041 3860 1189 3916 barbaram
1206 3857 1297 3926 reicit,
1316 3861 1346 3912 et
1364 3858 1422 3912 He·

254 3952 311 4006 rod.
330 3952 365 4007 Π.
384 3968 411 4022 p.
432 3953 493 4018 779,
513 3952 555 4007 16.
574 3951 619 4006 Et.
639 3949 708 4006 (iud.
728 3951 789 4018 169,
808 3953 851 4007 25.
864 3953 906 4007 37.
925 3983 960 3992 -
978 3951 1069 4022 Etym.
1084 3950 1123 4005 M.
1136 3948 1198 4016 302,
1217 3948 1251 4002 32
1271 3941 1353 4001 εἰπὸν
1365 3945 1422 4002 ior·

254 4055 326 4094 mam
346 4055 380 4095 ex
399 4040 496 4110 script.
516 4056 586 4096 saor.
605 4041 710 4106 laudat,
730 4057 785 4109 qua
802 4056 832 4096 re
852 4041 938 4095 solum
957 4039 1090 4109 efficitur,
1109 4037 1241 4094 barbaros
1259 4035 1423 4105 posterioris

254 4128 355 4184 aetatis
373 4131 431 4184 tale
451 4130 517 4199 quid
536 4129 690 4185 admisisse.

334 4217 355 4284 ⁸)
375 4218 409 4274 of.
428 4218 506 4274 Eust.
526 4220 591 4284 670,
611 4221 635 4275 9.
664 4221 732 4273 Inde
755 4235 805 4288 pro
828 4218 941 4287 vulgata
963 4217 993 4271 in
1011 4218 1123 4274 Anthol.
1142 4215 1257 4272 Planud.
1276 4217 1319 4271 23.
1339 4207 1423 4270 εἶτον

255 4322 317 4361 eum
340 4306 440 4362 Ursino
463 4314 560 4364 contra
581 4309 687 4376 Bergk,
711 4309 787 4364 Poet.
809 4309 874 4380 Lyr.
897 4307 959 4363 111⁴.
984 4323 1011 4376 p.
1035 4307 1087 4362 500
1111 4306 1286 4362 scribendum
1305 4309 1360 4372 est,
1384 4304 1422 4360 of.

254 4394 376 4453 Boissou.
395 4397 432 4451 ad
449 4398 534 4452 Anth.
554 4397 613 4453 Pal.
632 4398 694 4452 XII.
714 4397 775 4466 168,
795 4399 819 4453 5.
