3000 5040
763 219 825 284 103

162 424 169 435 -
201 383 367 462 τραγικοῦ
390 378 439 447 δὲ·

365 485 490 550 πολλαὶ
511 486 639 568 μορφαὶ
661 493 733 550 τοῖν
757 487 941 571 δαιμονίων
950 487 988 574 ³).

297 591 347 655 39.
379 591 553 655 Eustath.
572 613 601 674 p.
621 592 697 668 589,
715 593 767 657 41.
800 594 992 679 Σημείοοοαι
1012 592 1123 657 δὲκαὶ
1147 583 1199 657 ὅτι
1218 586 1376 676 διάφοροι

198 692 375 782 Ἡρακλέος
398 694 627 782 ἱστοροῦνται,
652 690 698 774 ὡς
722 699 820 783 δηλοῖ
841 692 859 762 ὁ
885 691 1001 779 είπών,
1024 690 1078 764 ὅτι
1101 697 1138 762 ἐν
1161 705 1211 782 τῷ
1234 690 1377 777 ,ἀλλος

203 792 324 880 οὗτος
347 797 555 889 Ἡρακλῆςίί
579 795 663 890 ὅπερ
687 802 743 869 ἐπὶ
764 807 866 891 θησεῖ
882 807 1122 890 παροιμιοοδιῆς
1145 804 1275 890 ἐλέχθη,
1299 796 1376 889 ύέη-
1404 823 1416 861 o

203 914 268 975 λον
290 902 310 995 ἢ
335 903 393 974 ἐπὶΙ
412 916 462 994 τῷ
485 901 592 994 Ἰδαίῳ
616 907 777 995 Δακτύλῳ
805 912 839 997 (l.
858 918 909 997 τῷ
931 919 1002 977 τῶν
1025 903 1154 976 Ἰἀαίιυν
1177 905 1375 993 Δακτύλων)

197 1009 355 1102 Ἡρακλεῖ
376 1013 500 1102 ἐρρέθη
522 1009 543 1102 ἢ
566 1023 616 1101 τῷ
638 1024 696 1104 τῆς
719 1010 910 1104 Ἀλκμήνης·
943 1018 1081 1095 Αἴλιος
1110 1017 1145 1083 δέ
1168 1013 1376 1091 Διονύσιος

203 1117 306 1188 τοῦτό
331 1121 458 1208 φησιί).
491 1123 721 1200 Παυσανίας
745 1124 781 1189 δέ
806 1121 945 1208 ἱστορεῖ,
969 1115 1084 1189 ὅτιτὸ
1114 1117 1232 1199 ἄλλος
1259 1110 1375 1196 οὗτος

198 1221 386 1314 Ἡρακλῆς
412 1229 575 1314 παροιμία
601 1227 692 1294 ἐστὶν
720 1229 775 1295 ἐπὶ
801 1233 903 1316 Θησεῖ
928 1222 949 1316 ἢ
974 1226 1024 1294 ἐνὶ
1045 1237 1117 1294 τῶν
1140 1221 1268 1293 Ἰδαίαν
1290 1229 1375 1291 Δακ-

202 1331 326 1400 τύλων.
368 1331 406 1399 oi
434 1334 475 1400 δὲ
504 1333 559 1399 ἐπὶ
583 1341 634 1419 τῷ
657 1334 832 1420 Αἰγυπτίῳ
852 1329 1016 1422 Ἡρακλεῖ,
1045 1333 1078 1400 οἱ
1102 1335 1137 1400 δὲ
1161 1333 1217 1398 ἐπὶ
1239 1339 1289 1418 τῷ
1315 1339 1374 1418 τῆς
1389 1356 1414 1394 ιο

196 1431 383 1527 Ἀλκμήνης.
412 1441 470 1506 καί
493 1429 560 1506 ὦδε
583 1440 645 1525 μέν
667 1448 782 1506 ταῦτα.

292 1548 344 1611 40.
377 1547 550 1612 Eustath.
568 1571 599 1631 p.
622 1548 718 1624 1636,
737 1549 788 1612 29.
820 1549 1051 1624 Παυσανίας
1074 1539 1210 1612 ἀλύειν
1228 1545 1316 1630 λέγει
1333 1536 1373 1610 τὸ

203 1651 242 1717 ἐν
265 1645 329 1736 ἄλη
352 1655 410 1718 καὶ
430 1653 570 1738 παρέσει
592 1644 656 1739 την
678 1645 789 1739 ψυχὴν
813 1650 898 1738 ἐχειν
908 1655 944 1741 1).

203 1845 261 1902 εἰσί
284 1842 340 1918 γὰρ
365 1843 573 1916 ἐπιφωνήματα
598 1844 677 1919 παρὰ
700 1856 759 1912 τοῖς
783 1851 921 1911 παλαιοῖς.
940 1848 1057 1916 Diogen.
1076 1849 1123 1903 VI.
1143 1847 1178 1900 88
1196 1872 1231 1892 =
1249 1846 1374 1915 Apostol.

203 1937 266 1990 XII.
287 1937 328 1990 18.
366 1935 528 1991 Atticistam
551 1936 638 2006 igitur
661 1937 806 2002 formulas,
826 1938 923 2006 quibus
942 1943 1052 1991 veteres
1076 1935 1243 2001 citharoedi,
1268 1936 1373 2002 comici,

201 2023 304 2092 tragici
323 2023 403 2078 finire
422 2026 557 2094 solebant,
577 2025 722 2095 collegisse
742 2027 828 2081 vides.
856 2026 949 2080 Etiam
969 2025 1044 2080 initii
1063 2026 1195 2094 quasdam
1214 2024 1299 2080 fuisse
1318 2026 1373 2080 for·

202 2113 291 2167 mulus
315 2112 423 2183 typicas
447 2118 476 2168 et
498 2113 562 2168 flius
586 2130 603 2169 a
622 2115 811 2183 grammaticis
835 2115 952 2169 collecta
977 2130 1038 2169 esse
1061 2120 1199 2169 testantur
1217 2130 1242 2170 e.
1261 2131 1286 2183 g.
1306 2115 1372 2168 Hes.

201 2193 406 2269 duplisona
425 2205 454 2256 et
472 2202 545 2256 Suid.
565 2200 810 2271 ἀμφιανακτίζειν.
831 2203 872 2257 cf.·
885 2203 988 2258 Rindfl.
1007 2202 1040 2256 fr.
1060 2204 1102 2257 40.

292 2289 314 2356 ⁸)
337 2289 491 2359 Euripides
515 2295 590 2357 sunt,
615 2291 649 2346 cf.
674 2291 775 2346 Rindfl.
800 2291 818 2346 l.
841 2293 860 2345 l.
879 2322 915 2330 -
937 2293 981 2345 Ex
1003 2291 1158 2360 fragmento
1182 2307 1265 2362 supra
1286 2292 1373 2346 allato

202 2379 282 2432 Mull.
302 2379 374 2433 Hist.
394 2379 439 2433 Fr.
459 2379 506 2434 IV.
524 2396 551 2448 p.
571 2380 632 2435 377.
651 2381 712 2445 378,
733 2397 794 2434 cum
814 2382 848 2434 do
867 2380 966 2434 Aelio
984 2380 1059 2447 Dio,
1084 2380 1241 2449 geographo
1260 2379 1373 2434 aliunde

202 2469 287 2537 plane
305 2467 399 2536 ignoto
417 2468 491 2537 (edd.
511 2468 633 2537 Scylacis
652 2468 820 2524 unanimiter
838 2470 872 2523 A.
887 2469 1013 2538 Dionysii
1032 2469 1173 2523 atticistae
1191 2483 1290 2522 nomen
1308 2485 1372 2537 pro·

202 2557 338 2611 tulerunt:
368 2557 427 2611 cod.
447 2551 513 2620 Διός
530 2556 648 2612 formam
666 2558 791 2622 exhibet)
811 2561 920 2626 ageret,
945 2556 1057 2611 efficere
1077 2556 1195 2622 studuit,
1219 2556 1372 2612 atticistam

203 2646 320 2700 eundem
339 2661 401 2700 esse
419 2649 502 2714 atquo
520 2646 662 2701 musicum.
700 2648 769 2702 Rem
787 2647 923 2701 incertam
943 2662 1003 2700 esse
1022 2647 1093 2700 Prol.
1110 2663 1137 2714 p.
1157 2649 1182 2700 6.
1201 2655 1257 2700 not.
1277 2648 1302 2700 2.
1322 2664 1372 2716 pu·

203 2735 329 2789 tavimus.
356 2735 405 2789 Nil
419 2735 492 2789 enim
512 2735 611 2800 obstet,
632 2736 775 2804 quominus
795 2737 831 2790 ad
848 2734 1075 2804 lexicographum
1094 2734 1290 2803 confugiamus,
1310 2752 1373 2789 cum

202 2823 362 2878 testimonia
380 2823 534 2878 lonicorum
553 2824 652 2878 adsint.

247 2912 290 2966 39.
310 2914 330 2976 ¹)
351 2913 384 2966 A.
397 2913 559 2983 Dionysium
573 2914 671 2968 Suidos
686 2913 766 2981 sequi
780 2913 902 2967 videtur:
922 2909 948 2966 ἀ.
963 2907 986 2966 ὁ.
1000 2915 1034 2965 H.
1050 2908 1098 2966 ἐπί
1112 2916 1169 2967 ταῖν
1182 2913 1231 2986 βίᾳ
1244 2931 1270 2967 ιι
1283 2930 1372 2984 πρατ-

201 2995 319 3055 τόντων.
348 3003 541 3070 παροιμιῶδες
565 2999 611 3056 ἐπί
637 3005 729 3070 Θησεῖ
753 3001 859 3071 λεχθὲν
887 2998 919 3055 τὸ
943 3002 1059 3072 πρῶτον
1081 2994 1100 3069 ἢ
1123 3005 1164 3075 τῷ
1187 3001 1245 3055 ταῖν
1266 2997 1373 3056 Ἰδαίων

203 3085 359 3144 Δακτύλων
373 3083 518 3159 Ἡρακλεῖ,
538 3083 557 3158 ἢ
576 3094 617 3163 τῷ
636 3095 686 3159 τῆς
702 3086 853 3159 Ἀλκμήνης
875 3087 929 3144 διὰ
953 3087 1031 3154 τοὺς
1050 3088 1311 3160 παλαιοτέρους.
1337 3091 1372 3145 cf.

203 3179 319 3247 Diogen.
344 3178 365 3231 I.
389 3180 423 3234 63
447 3179 641 3248 (Paroemiogr.
665 3181 687 3233 Ι.
713 3181 777 3248 190,
802 3182 845 3244 18)
869 3177 896 3234 ἀ.
922 3173 945 3234 ὃ.
966 3182 1000 3233 Η.
1026 3178 1073 3234 ἐπὶ
1096 3183 1154 3233 τῶν
1177 3176 1301 3248 ἰσχυρῶν
1324 3182 1373 3234 καί

202 3269 348 3337 κραταιῶν
366 3266 476 3332 (εἰσίασιν
495 3267 524 3321 in
544 3269 602 3322 cod.
617 3270 649 3322 Β.
664 3273 828 3337 sequuntur:
849 3270 921 3337 φασί
940 3266 971 3322 δὲ
990 3256 1035 3322 ύτι
1054 3264 1101 3322 ἐπί
1123 3270 1233 3336 θησεῖ
1247 3265 1372 3337 ἐλέγετο,

202 3351 241 3409 δι’
251 3343 327 3425 ύπερ
339 3357 389 3408 καί
401 3351 487 3420 αὐτὸς
499 3349 726 3426 κατώρθοσενῆ
741 3358 898 3426 παροιμία.)
910 3388 946 3396 -
960 3358 1026 3410 Hes.
1040 3357 1224 3425 Paroemiogr.
1239 3358 1273 3410 ll.
1288 3373 1314 3425 p.
1328 3359 1371 3421 59,

202 3445 219 3500 5
237 3443 320 3498 nimis
342 3444 438 3500 brevia
457 3445 613 3514 proferunt,
637 3462 717 3514 quam
741 3450 773 3500 nt
795 3446 859 3500 inde
883 3451 1025 3500 auctorem
1048 3462 1198 3514 agnoscere
1221 3446 1318 3514 possis.
1336 3475 1373 3484 —-

201 3533 304 3587 Aliena
327 3533 363 3587 ab
387 3534 573 3588 atticistarum
598 3535 713 3589 consilio
737 3536 838 3589 Zenob.
859 3536 891 3590 V.
911 3535 946 3589 48
966 3524 1050 3597 οὗτος
1072 3527 1158 3598 ἀλλος
1176 3530 1315 3604 Ἡρακλῆς
1337 3559 1372 3578 =

202 3621 276 3675 Mill.
295 3622 362 3676 Mel.
382 3640 407 3691 p.
427 3623 488 3677 349.

247 3710 290 3764 40.
310 3712 332 3776 ¹)
350 3712 481 3766 Fortasse
505 3712 603 3766 eadem
627 3713 701 3780 apud
724 3713 799 3767 Suid.
823 3707 928 3766 ἀλύειν.
966 3713 1008 3766 De
1032 3713 1116 3765 verbo
1140 3706 1237 3765 ἀλύειν
1264 3713 1371 3765 veteres

200 3797 290 3852 multa
310 3803 339 3853 et
357 3800 434 3854 varia
447 3800 596 3868 protulisse
609 3805 724 3856 constat.
758 3801 990 3855 Proficiscendum
1009 3806 1052 3854 ost
1071 3815 1088 3853 a
1106 3801 1166 3854 loco
1179 3798 1371 3866 Eustathiano,

200 3886 279 3941 cuius
302 3885 385 3941 finem
409 3904 493 3956 supra
518 3889 729 3956 exscripsimus:
762 3886 853 3959 παρὰ
876 3898 948 3952 τοῖς
971 3891 1136 3951 παλαιοῖς
1159 3883 1300 3957 γράφεται
1323 3889 1372 3940 καί

200 3979 304 4029 ταῦτα·
332 3971 426 4031 ἀλύει·
454 3970 517 4030 ἀντὶ
536 3977 588 4030 τοῦ
606 3977 751 4044 μαίνεται,
776 3975 892 4047 ἀπορεῖ,
916 3972 990 4031 κατὰ
1010 3972 1136 4031 διάνοιαν
1154 3970 1270 4044 φαύλως
1289 3976 1372 4030 θιατί-

201 4067 300 4126 θεται,
325 4060 471 4134 ἀμηχανεῖ.
501 4061 532 4130 ἐξ
556 4055 589 4119 οὗ
610 4061 643 4119 ἐν
661 4060 752 4118 Ἰλιάδι
770 4061 803 4119 τὸ
823 4060 965 4119 ἀλύσσειν.
993 4067 1042 4119 καί
1061 4054 1105 4120 ύτι
1124 4057 1217 4129 ἀλυς·
1242 4057 1308 4133 ἀλη,
1333 4063 1372 4135 ῥι-

200 4147 317 4220 πασμός
340 4153 367 4218 (l.
387 4149 564 4222 ῥιπτασμός).
588 4155 637 4207 καί
655 4148 786 4208 ἀλύειν·
811 4148 845 4208 τὸ
864 4152 952 4221 μηδὲν
975 4150 1119 4225 πράττειν.
1144 4146 1231 4208 ένιοι
1251 4150 1282 4207 δέ
1301 4169 1373 4221 φασι

200 4243 250 4295 καί
269 4230 358 4296 σύτο·
377 4234 504 4296 ἀλύειν.
528 4239 562 4297 τὸ
581 4240 635 4310 μὲν
648 4238 823 4313 ἐπαίρεσθαι
838 4237 1002 4298 δασύνεται·
1023 4235 1085 4298 οίον

361 4320 380 4399 ἢ
399 4323 494 4396 ἀλύεις
513 4319 556 4386 ύτι
573 4320 646 4402 Ἶρον
665 4326 799 4400 ἐνίκησας
