3000 5040
373 1129 643 1229 Lexieorum
673 1127 1017 1249 rhetoricorum,

269 1359 377 1440 quae
409 1333 659 1418 Eustathius
690 1333 849 1437 laudat,
880 1334 1130 1440 fragmenta.

528 1526 871 1607 &mmmm

678 1703 718 1765 A.

200 1862 274 1929 337.
296 1862 469 1927 Eustath.
484 1884 515 1945 p.
530 1860 604 1938 855,
618 1861 670 1927 20.
694 1862 750 1926 καὶ
769 1874 877 1926 κεῖται
897 1860 934 1926 ἐν
953 1860 1115 1948 ἒπιλογῇ
1134 1863 1281 1945 λέξεων

105 1963 267 2058 ἀρχαία,
295 1959 348 2035 ὅτι
375 1957 396 2033 ἃ
425 1958 482 2052 ἃῙ)
511 1967 681 2034 δασυνθὲν
707 1967 838 2052 γέλωτα
866 1969 969 2054 δηλοῖ.
1003 1960 1095 2035 οὕτω
1118 1970 1175 2034 καὶ
1196 1970 1280 2058 βᾶῖ)

108 2074 277 2162 ἐπίρρημα
303 2067 396 2159 παρὰ
419 2065 592 2160 Ἑρμίππῳ
621 2074 674 2162 (fr.
696 2076 745 2141 19.
765 2075 883 2162 Koclr),
912 2067 995 2160 ὅπερ
1024 2071 1195 2161 εἰώθαμεν
1222 2068 1281 2142 οἷν-

104 2186 320 2266 τεμβοωντες
342 2181 459 2266 λέγειν,
483 2173 529 2258 ὡς
552 2181 609 2245 καὶ
631 2177 734 2246 τοῦτό
757 2199 861 2263 φασιν
880 2179 913 2247 ol
931 2184 1078 2248 παλαιοί.
1102 2185 1160 2248 καὶ
1176 2191 1282 2249 ταῦτα

105 2287 172 2373 μὲν
193 2285 279 2374 πρός
301 2311 348 2368 τι,
374 2286 551 2354 τουτέστιν
574 2280 643 2353 ἀπό
666 2310 758 2366 τινος
781 2294 981 2370 φωνοῦντος
1007 2283 1093 2374 πρός
1115 2312 1191 2354 τινα
1214 2287 1281 2356 ica·
1309 2323 1321 2364 5

106 2416 181 2479 ρον.
224 2393 287 2460 εἰσὶ
315 2393 351 2459 δὲ
378 2395 436 2458 καί
463 2417 551 2472 τινες
577 2395 748 2479 μιμητικοὶ
780 2395 893 2477 φωναὶ
921 2385 1019 2459 αὕτα)
1046 2387 1132 2459 κατὰ
1160 2387 1282 2474 αὐτοὺς

105 2491 188 2578 τοὺς
207 2506 418 2584 φωνοῦντας,
444 2493 491 2577 ως
508 2492 549 2566 τὸ
573 2492 696 2586 tow),
720 2496 913 2585 ἐπίφθεγμα
935 2517 1030 2582 φασι
1053 2506 1280 2588 κωπηλατῶν·

106 2598 229 2672 καὶτὸ
253 2599 281 2670 ω’
305 2599 393 2694 riost)
416 2607 552 2691 φθέγμα
574 2613 646 2671 τοῦν
669 2597 840 2688 ἀφιέντων
861 2597 955 2682 τινας
974 2597 1041 2690 ἅμα
1058 2607 1201 2692 τρέχειν·
1225 2611 1282 2674 καὶ

106 2703 149 2778 τὸ
173 2705 202 2776 o'i
226 2705 276 2778 ὄπ
298 2704 509 2800 ναοτικόνὸ),
531 2703 699 2778 πολλὰδὲ
722 2714 779 2777 καὶ
803 2706 897 2792 ἄλλα,
920 2711 957 2777 ἐν
981 2707 1031 2789 οἷς
1053 2715 1110 2778 καὶ
1132 2707 1172 2779 τὸ
1195 2715 1281 2802 μᾶθ)

153 2907 216 2963 337.
235 2908 280 2962 Ad
299 2907 433 2962 Aelium
451 2906 649 2977 Dionysium
662 2906 811 2962 referenda
825 2911 897 2972 sunt,
919 2907 990 2975 quod
1003 2923 1083 2962 voces
1095 2903 1131 2979 μὴ
1153 2912 1181 2963 et
1190 2904 1281 2980 χύρρε

109 2995 242 3051 laudatae
260 2995 296 3050 ab
315 2995 364 3050 illo
383 2995 540 3065 explicatae
558 2997 684 3064 redeunt,
704 2995 738 3051 cl.
754 2995 786 3050 fr.
802 2997 844 3051 92.
859 2997 920 3051 327.
934 2996 1026 3050 -De
1045 2995 1129 3051 totius
1147 2996 1203 3052 loci
1220 2995 1280 3052 fon·

108 3084 183 3139 tibus
202 3083 237 3138 cl.
255 3084 327 3138 Prol.
347 3101 373 3152 p.
394 3086 436 3138 68.
458 3090 513 3139 not.
534 3087 558 3138 l.

197 3174 220 3240 1)
237 3172 317 3226 Phot.
337 3163 355 3225 οἳ
374 3164 404 3226 ἄ·
432 3168 479 3226 ἐπὶ
497 3175 549 3226 τοῦ
567 3168 701 3242 μεγάλου.
732 3165 792 3226 ἔστι
811 3171 841 3227 δὲ
865 3175 914 3227 καὶ
937 3169 1152 3243 σχετλιαστικὸν
1174 3169 1280 3243 ἐπιφώ-

107 3279 190 3330 νημα.
219 3257 363 3314 δασανθὲν
385 3259 416 3314 δὲ
440 3258 553 3331 γέλωτα
576 3262 667 3329 δηλοῖ,
693 3249 731 3325 ὥς
754 3277 824 3330 φησι
848 3258 1081 3332 Διογενιανός.
1110 3264 1226 3334 Boysen.
1246 3263 1280 3318 de

107 3349 194 3418 Harp.
212 3348 280 3403 font.
300 3365 326 3418 p.
346 3351 388 3404 62.
408 3350 480 3403 hanc
503 3351 625 3418 glossam
648 3353 677 3404 et
700 3351 775 3418 apud
793 3351 921 3405 Photium
944 3355 973 3406 et
991 3353 1064 3422 apud
1081 3352 1160 3407 Eust.
1178 3351 1279 3422 Dioge·

107 3437 190 3492 niano
208 3437 263 3506 ipsi
282 3437 380 3492 deberi
399 3443 502 3493 censet.
537 3436 578 3492 cf.
598 3441 694 3492 contra
717 3438 751 3493 fr.
770 3438 831 3492 413.
852 3431 923 3505 otor.
952 3440 1154 3509 Diogenienum
1172 3440 1230 3495 iam
1250 3439 1280 3494 in

107 3525 197 3582 lexico
215 3526 355 3582 rhetorico
373 3527 434 3596 ipso
452 3527 623 3582 nominatum
643 3543 703 3582 essa
722 3530 797 3596 puto,
816 3528 890 3583 unde
909 3529 986 3582 Eust.
1000 3528 1184 3597 transcripsit.
1212 3528 1279 3582 For-

106 3620 181 3670 tasse
200 3616 305 3680 omnia,
329 3632 400 3685 quae
418 3616 498 3671 Phot.
517 3616 563 3683 (cl.
582 3616 658 3684 Hes.)
678 3616 787 3681 attulit,
811 3618 848 3671 ad
869 3616 1022 3672 atticistam
1041 3616 1189 3671 referenda
1207 3619 1278 3670 sunt.

106 3703 187 3759 Prior
204 3705 312 3774 glossae
330 3721 396 3775 pars
415 3722 460 3775 ap.
479 3706 569 3761 Schol.
588 3708 637 3760 Ar.
656 3705 729 3760 Plut.
750 3706 828 3761 1052.

199 3794 220 3860 ⁸)
237 3795 275 3863 βᾶ
294 3793 328 3848 cf.
348 3795 379 3848 B.
399 3796 434 3849 A.
454 3796 497 3862 85,
516 3796 560 3850 31.
580 3795 628 3848 ubi
645 3798 739 3848 temen
757 3794 859 3848 lemma
878 3793 964 3848 deest.

196 3881 220 3950 ⁸)
240 3881 280 3936 Gi.
304 3882 370 3937 Hes.
389 3875 474 3952 ἄρρυ·
500 3878 668 3953 ἐπίφθεγμα
692 3883 884 3950 κωπηλατῶν,
913 3875 952 3944 ὡς
969 3876 1003 3935 τὸ
1027 3880 1101 3946 σὶζε
1125 3875 1172 3934 ἐπὶ
1195 3898 1277 3948 κυνη-

106 3965 237 4040 γούντων
254 3972 303 4024 καὶ
322 3966 354 4025 τὸ
376 3971 474 4026 cicccc
493 3968 643 4040 ποιμένων.
663 3976 693 4025 at
710 3971 741 4025 B.
761 3972 794 4025 A.
813 3971 875 4038 446,
894 3970 937 4025 32.

194 4059 218 4128 ⁴)
237 4059 318 4115 Conv.
338 4060 413 4114 Suid.

196 4146 218 4214 Ι1)
236 4147 304 4202 Tres
327 4149 435 4217 glossae
459 4164 503 4217 ap.
523 4146 598 4203 Suid.
617 4147 710 4202 Prima
728 4173 762 4191 =
781 4146 872 4201 Schol.
891 4148 938 4201 Ar.
958 4148 1010 4201 Ar.
1030 4147 1112 4211 1395,
1136 4145 1221 4201 tertia
1243 4170 1278 4191 =

106 4233 196 4289 Schol.
216 4237 264 4289 Ar.
284 4236 352 4290 Ran.
372 4238 433 4292 208.

195 4322 217 4389 ⁶)
235 4325 288 4393 Ap.
308 4325 422 4380 Theoor.
443 4341 496 4379 non
518 4327 604 4378 extat.
