3000 5040
825 263 865 326 16

262 431 358 507 atque
386 423 465 487 illud
488 427 624 488 testatur
650 422 738 487 locus
760 423 823 486 iam
846 422 960 486 allatus
984 445 1013 505 p.
1040 421 1133 506 1494,
1156 420 1207 484 61.
1230 419 1287 484 ubi
1310 421 1439 503 etymo-

260 530 364 614 logico
390 531 511 595 lexicon
538 529 731 595 rhetoricum
758 529 936 612 oppositum
959 549 1027 594 esse
1051 529 1205 603 videmus,
1232 526 1270 590 cf.
1293 525 1332 592 fr.
1358 525 1439 590 338.

262 661 333 704 cum
355 643 420 703 not.
445 639 472 702 1.
495 637 626 721 Heyden
648 659 678 720 p.
702 636 775 700 231.

351 744 478 810 Claudit
496 765 608 828 agmen
624 744 797 809 lexicorum
816 742 867 826 (ut
880 741 1104 826 Alciphronem
1117 741 1291 806 atticistam
1308 762 1340 822 p.
1359 739 1439 816 762,

263 853 314 920 64.
336 852 502 918 laudatum
525 856 557 916 61
580 851 660 916 61166
682 849 859 937 mittamus)
888 848 1026 940 Snidae
1053 849 1189 926 lexicon,
1217 848 1302 930 quod
1326 847 1438 912 decies

262 960 303 1025 ab
330 959 485 1043 Episcopo
512 958 676 1023 laudatum
703 956 871 1023 habemus:
908 979 938 1041 p.
967 955 1045 1034 834,
1071 957 1124 1022 48.
1152 958 1193 1021 de
1220 976 1294 1021 voce
1327 953 1438 1035 ἰ’ννος,

263 1067 376 1133 Suidae
395 1067 562 1149 discrepat,
584 1088 614 1149 p.
636 1065 731 1141 1406,
751 1065 801 1130 26.
824 1059 1054 1150 παραβλνῗδην·
1079 1055 1300 1149 ducentenario.
1324 1085 1437 1148 manoe

263 1179 458 1258 λογιστικῶς
481 1204 524 1230 =
547 1172 643 1250 Suid,
660 1195 689 1256 p.
711 1171 805 1248 1469,
826 1172 876 1238 24.
900 1171 1056 1235 Matalon
1074 1171 1173 1246 λίθος
1192 1200 1235 1226 =
1253 1169 1341 1236 Suid.
1362 1191 1386 1234 s.
1402 1192 1437 1263 Δ1.

263 1276 407 1360 Μαλεός,
428 1303 458 1364 p.
484 1278 583 1356 1528,
607 1279 658 1344 26.
685 1275 836 1365 πρόεγμα
859 1307 903 1335 =
926 1277 1012 1344 Suid.
1035 1299 1059 1344 s.
1082 1299 1123 1355 1.,
1145 1301 1175 1361 p.
1201 1275 1297 1354 1538,
1321 1276 1376 1341 46.
1402 1269 1438 1340 dc

263 1417 306 1444 =
326 1387 411 1453 Suid.
432 1387 502 1472 (qui
520 1408 578 1452 sua
600 1408 639 1451 ex
657 1385 760 1452 Schol.
779 1386 833 1451 Ar.
852 1385 922 1451 Pac.
942 1385 1004 1450 931
1031 1386 1213 1469 descripsit:
1235 1382 1437 1461 Eustathius,
1481 1464 1483 1468 .

264 1497 318 1579 qui
345 1496 411 1579 ipse
440 1493 566 1560 Scholia
593 1492 826 1577 Aristophaneo
852 1493 963 1558 laudat
990 1493 1032 1579 (p.
1058 1492 1158 1568 1483,
1181 1492 1254 1577 32),
1281 1491 1436 1575 ignorare

264 1603 398 1678 videtur,
421 1601 507 1685 quali
529 1600 593 1664 furi
615 1599 711 1665 fidem
734 1599 851 1684 faciat).
875 1622 904 1683 p.
927 1599 1020 1677 1554,
1043 1599 1094 1664 34.
1119 1597 1266 1674 Σουΐδας
1288 1604 1373 1681 γοῦν
1397 1595 1437 1662 ἒν

264 1716 313 1794 τῷ
333 1719 353 1771 n
377 1708 489 1793 φησὶν,
512 1698 601 1792 61ςὴ
624 1701 764 1792 λάρισσα
787 1707 1006 1791 σφαιρίζουσα
1024 1707 1112 1791 πίλῳ
1133 1698 1281 1770 ὤλισθεν
1304 1703 1351 1780 εἰς
1370 1696 1436 1769 τὸν

265 1809 412 1901 Πηνειόν
443 1836 491 1897 ap.
520 1813 606 1878 Suid.
634 1834 697 1877 non
730 1814 879 1890 iteratur,
910 1836 940 1897 p.
975 1811 1072 1889 1571,
1106 1813 1157 1879 26.
1190 1803 1357 1897 ἅνδράχλη
1390 1839 1437 1868 =

266 1921 351 1987 Suid.
376 1943 398 1987 s.
421 1943 458 1998 v,
481 1919 522 1985 ib.
545 1921 772 2005 πυρσονρίδας
794 1949 838 1976 =
861 1919 947 1986 Suid.
972 1942 994 1986 s.
1013 1942 1049 1995 1.,
1072 1941 1102 2002 p.
1128 1918 1222 1997 1851,
1247 1917 1288 1982 25
1311 1915 1436 2003 μισθά-

266 2051 340 2114 ριον
363 2028 447 2111 quod
465 2028 550 2111 apud
569 2026 699 2092 Suidam
718 2027 924 2092 desideratur.
960 2026 1080 2093 Ultimo
1098 2026 1181 2102 1666,
1199 2048 1239 2090 ne
1257 2026 1335 2108 quid
1354 2028 1436 2091 omi-

267 2136 343 2200 sisse
363 2135 480 2210 videar,
502 2134 651 2199 laudatur
670 2133 783 2199 Suidas
805 2157 834 2218 p.
853 2134 929 2212 445,
947 2134 999 2210 24,
1023 2135 1079 2199 sed
1096 2133 1143 2199 ibi
1166 2133 1232 2198 eius
1254 2154 1369 2198 nomen
1388 2133 1437 2198 nil

266 2243 329 2307 nisi
352 2242 512 2325 exemplar
534 2242 754 2307 declinationis
776 2242 902 2306 doricae
921 2246 976 2307 est.
995 2281 1038 2290 -
1058 2240 1092 2306 Si
1112 2241 1198 2306 locos
1221 2239 1335 2304 allatos
1358 2263 1434 2324 per-

268 2350 460 2426 lustraveris
483 2349 604 2414 nullum
622 2348 770 2427 invenies,
794 2349 848 2432 qui
867 2370 937 2413 cum
960 2349 1053 2412 lexici
1075 2347 1226 2413 rhetorici
1248 2346 1436 2429 fragmentis

267 2456 403 2523 conferri
434 2457 547 2540 possit:
588 2457 693 2522 nullus
725 2457 759 2520 in
792 2455 975 2521 collectione
1007 2461 1116 2521 nostra
1143 2454 1240 2532 redit,
1272 2475 1367 2536 quem
1397 2477 1436 2519 ex

267 2565 384 2631 Suidae
399 2564 500 2629 lexico
515 2565 736 2648 depromptum
754 2585 831 2640 esse,
849 2584 912 2630 non
930 2562 986 2628 alii
1005 2561 1086 2628 fonti
1104 2560 1212 2626 deberi
1231 2560 1436 2626 manifestum

267 2672 316 2738 sit.
349 2671 450 2737 Immo
473 2693 512 2736 ex
530 2670 645 2736 Suidac
667 2671 744 2737 locis
766 2670 872 2736 allatis
894 2664 1044 2756 πρόεγμα
1063 2674 1095 2734 61
1112 2664 1330 2755 παραβλήδην
1349 2669 1436 2752 apud

267 2779 416 2843 Photium
434 2780 569 2844 redeunt
591 2785 624 2844 61
646 2779 687 2844 ad
705 2778 824 2845 fontem
842 2779 1054 2863 antiquiorem
1075 2777 1256 2842 reducenda
1278 2775 1435 2843 videntur.

355 2885 406 2951 Ad
429 2887 507 2951 alios
529 2887 626 2970 igitur
648 2892 793 2952 auctores
815 2886 1010 2952 redeundum
1033 2886 1108 2949 erit:
1140 2905 1178 2949 66
1203 2884 1314 2967 procul
1337 2884 1436 2950 dubio

267 2991 411 3076 plurimis
433 2992 526 3056 lexici
548 2993 698 3058 rhetorici
720 2992 797 3057 locis
820 2993 854 3056 id
872 2993 963 3056 nobis
986 2993 1155 3074 continget,
1180 2996 1216 3055 111
1239 2992 1436 3056 demonstre-

267 3120 351 3175 mus,
378 3097 593 3182 fragmenta
619 3099 688 3163 illa
715 3097 829 3164 lexioi
856 3098 1044 3164 rhetorici
1072 3098 1266 3163 maximam
1288 3103 1436 3180 partem

269 3227 312 3269 ex
330 3204 431 3270 Aelii
450 3204 625 3288 Dionysii
644 3210 678 3270 61
697 3205 907 3271 Pausaniae
931 3205 1110 3289 operibus
1134 3205 1325 3289 depromta
1344 3225 1436 3270 esse.

268 3312 339 3378 Non
362 3312 467 3377 omnia
490 3312 631 3395 exempla
652 3311 744 3378 nobis
767 3313 935 3396 explanare
953 3315 987 3377 in
1010 3313 1114 3378 animo
1138 3319 1199 3378 est:
1222 3312 1255 3376 in
1278 3332 1436 3377 commen-

267 3419 351 3484 tario
365 3417 550 3502 fragmentis
568 3419 677 3485 addito
696 3420 723 3486 si
738 3420 825 3486 cuius
841 3421 966 3504 singula
978 3421 1169 3504 perscrutari
1189 3419 1344 3495 intererit,
1362 3421 1436 3503 qui-

268 3526 327 3592 bus
355 3527 394 3591 de
421 3527 523 3592 causis
550 3527 674 3610 singula
701 3526 879 3611 fragmenta
905 3528 1054 3594 atticistis
1081 3527 1260 3604 tribuerim,
1287 3527 1437 3592 inveniet.

270 3633 383 3717 Capita
405 3638 530 3698 tantum
552 3635 784 3717 perlustremus.

357 3741 444 3805 Eust.
459 3762 488 3823 p.
506 3741 600 3818 1593,
613 3742 662 3805 14.
678 3741 729 3826 (fr.
747 3743 824 3826 198)
967 3743 1042 3808 ibid.
1070 3767 1099 3826 p.
1126 3743 1205 3820 989,
1228 3744 1280 3808 46.
1315 3733 1367 3807 ὅτι
1400 3741 1437 3807 dl

269 3837 339 3910 τὸν
364 3846 404 3911 δὲ
422 3838 630 3934 Ἡρακλῆν,
656 3837 697 3912 cd
720 3839 825 3924 sotir
880 3841 898 3913 ὃ
946 3851 1110 3936 opinens
1146 3843 1336 3935 Ἡρακλῆς
1380 3851 1438 3914 καὶ

270 3948 367 4037 λόγος
380 3947 824 4041 τοῖςπαλαιοῖς,καὶ(Ηρα-
875 3949 1123 4042 Ἡρακλείδης
1174 3955 1339 4035 ἐκαλεῖτο,
1390 3947 1436 4031 ὡς

270 4061 430 4147 κλεὶδην
457 4062 684 4140 Παυσανίας
717 4068 825 4127 καλεῖ·
873 4055 1081 4150 Ἀριστείδης,
1110 4059 1158 4128 ’ἐτι
1186 4063 1222 4128 δὲ
1245 4063 1302 4126 καὶ
1317 4052 1437 4145 Ἥρυλ-

271 4167 353 4231 odat
376 4183 485 4252 φησιν.
880 4174 937 4246 λος
956 4169 993 4235 ἐν
1010 4183 1081 4247 ταῖς
1100 4183 1299 4257 σατυρικοῖς,
1319 4171 1437 4255 opace·
1457 4191 1464 4217 1

881 4293 934 4341 σιν
966 4274 1003 4340 oi
1030 4269 1128 4343 κατὰ
1162 4287 1359 4360 στοιχεῖον
1390 4265 1437 4338 τὰ

880 4376 1071 4470 ῥητορικὰ
1094 4383 1305 4468 ἓκθέμενοι
1328 4386 1399 4446 κτλ.
