3000 5040
646 233 710 302 168

88 384 213 478 μδν4),
242 382 279 470 ὃς
306 388 395 470 εἶδός
422 416 454 458 τι
477 393 655 471 κολακείας
677 391 776 459 ἐστίν.
818 383 881 475 ἀφ’
904 381 946 458 οὗ
972 393 1030 458 καὶ
1056 384 1262 480 ἦδυλίζειν

88 490 180 584 παρὰ
199 495 389 584 Μενάνδρῳ
408 499 460 585 (fr.
475 500 526 565 28.
546 499 658 585 Kook).
681 499 909 577 Παυσανίας
927 499 963 565 δὲ
982 491 1091 566 είπών
1109 490 1165 566 ὅτι
1182 499 1262 586 ηδος

89 597 128 669 τὸ
152 599 275 687 ὄφελος
297 607 354 670 καὶ
376 597 416 671 τὸ
441 599 554 693 ὄξοςῡ)
578 599 679 671 οὐδέν
701 629 734 671 τι
755 606 832 691 περὶ
855 602 1046 690 πνεύματος
1069 603 1142 692 ἔφη.

180 712 251 777 191.
284 712 454 778 Eueteth.
477 736 506 798 p.
534 713 631 789 1480,
658 714 707 777 11.
741 713 843 798 δῆλον
871 712 907 778 δὲ
935 714 993 778 καὶ
1019 702 1074 778 ὅτι
1101 703 1172 778 άπὸ
1199 719 1261 778 τοῦ

62 814 193 895 οέθους
220 811 262 884 οὐ
288 814 396 902 μόνον
424 811 443 883 ὃ
472 814 602 902 ἑταῖρος
630 811 729 884 καὶὸ
754 814 842 906 ἐτης,
869 809 954 883 άλλά
981 825 1138 904 φανερῶς
1161 810 1259 894 καὶὸ

90 916 220 1009 ἐθὰς1)
258 915 299 990 δν
331 948 420 1002 τινες
452 926 508 990 καί
539 917 670 1011 ἠθάδα
703 920 872 1009 λέγουσιν’,
909 916 956 1003 ὥς
987 941 1090 1011 φησιν
1121 923 1259 1002 Αἴλιος

89 1027 306 1109 Διονύσιος.
1194 1066 1197 1068 v

180 1139 252 1202 192.
288 1139 461 1205 Eustath.
485 1161 515 1222 p.
542 1138 641 1215 1166,
665 1139 716 1204 33.
758 1129 821 1223 ὅρα
849 1137 885 1203 δὲ
912 1138 970 1203 καὶ
996 1129 1036 1203 τὸ
1063 1128 1179 1224 ἠίθεοι
1205 1139 1260 1204 καί

87 1244 265 1329 παρθένοι.
290 1235 346 1329 3¹)
369 1237 430 1330 γάρ
455 1244 491 1310 ἐν
514 1237 626 1332 ἡλικίᾳ
649 1251 820 1328 γυναικῶν
839 1241 873 1309 οἱ
894 1243 1073 1328 παρθένοι,
1095 1251 1200 1310 τοῦτο
1224 1242 1260 1309 ἐν

51 1369 76 1408 ¹⁰
90 1343 252 1435 ἀνδράσιν
274 1342 423 1438 η’ίθεοι,
452 1349 485 1416 οἱ
508 1343 642 1436 ὡραῑοί,
670 1367 766 1432 φασι,
793 1346 901 1435 γάμου
923 1352 981 1416 καὶ
1002 1349 1141 1436 μηδέπω
1164 1373 1258 1435 γεγα-

88 1453 232 1543 μηκότες
240 1457 277 1542 1).
306 1450 353 1535 ὡς
376 1458 493 1524 δὲκαὶ
520 1453 748 1542 τρισυλλάβως
779 1449 900 1540 ᾔθεος
931 1457 1060 1542 λέγεται
1092 1449 1112 1522 ὃ
1143 1449 1260 1543 ἠίθεος

89 1563 365 1649 προσγραφέντος
397 1571 459 1631 τοῦ
492 1589 518 1644 ι,
555 1559 764 1640 Διονύσιος
795 1558 932 1640 Αίλιός
964 1580 1060 1649 φησι,
1091 1565 1149 1629 καὶ
1183 1559 1260 1642 ἔστι,

89 1671 206 1752 φασίν,
229 1662 386 1737 Ἀττικόν.
419 1671 548 1756 λέγεται
575 1670 612 1736 δε
639 1671 697 1734 καὶ
720 1668 775 1735 ἐπὶ
797 1669 975 1754 παρθένου
998 1662 1038 1735 τὸ
1061 1661 1181 1756 ἠίθεος
1203 1669 1258 1735 καὶ

87 1785 202 1862 χρῆσις
224 1777 362 1862 φέρεται
385 1777 432 1856 είς
453 1783 556 1844 τοῦτο
581 1768 664 1862 αὕτη
689 1767 895 1860 [Εὐπόλιδος
916 1775 955 1842 fr.
973 1776 1039 1840 332
1062 1776 1168 1860 Kook]

51 1901 76 1940 1⁵
343 1875 438 1970 εἰμὴ
460 1879 545 1970 κόρη
570 1879 700 1949 δεύσαιε
723 1874 763 1948 τὸ
787 1893 879 1960 σταῖς
901 1875 1013 1965 ᾔθεος.

182 1991 253 2055 193.
285 1990 457 2055 Eustath.
487 2014 516 2074 p.
547 1990 645 2066 1473,
667 1987 720 2056 45.
752 1979 773 2074 ἦ
801 1989 838 2053 δὲ
864 1983 1003 2074 τοιαύτη
1029 1988 1086 2074 (so.
1113 1991 1195 2068 βοῦς
1227 1979 1262 2052 ά-

91 2092 209 2183 δμήτη)
233 2098 290 2161 καί
312 2087 382 2182 ἧκέ
387 2099 491 2182 στη1)
516 2095 553 2160 ἐν
577 2089 703 2174 ἄλλοις,
730 2087 751 2161 δ
774 2093 865 2160 ἐστιν
890 2086 1079 2180 άκέντητος.
1122 2096 1263 2160 καλοῦσι

88 2195 151 2288 γὰρ
174 2194 260 2268 κατά
284 2204 515 2268 Παυσανίαν
538 2198 620 2282 βόας
642 2194 795 2287 ἠκέστας·
836 2195 1017 2286 φορβάδας,
1040 2192 1263 2284 άδαμάστους,

89 2304 245 2392 νομάδας.

49 2432 76 2472 ιο
182 2416 253 2480 194.
295 2415 468 2482 Euetnth.
486 2438 516 2499 p.
539 2415 639 2491 1423,
659 2415 708 2478 12.
750 2411 783 2478 οἱ
802 2413 838 2479 δὲ
855 2405 1154 2500 ἤλακατῆνες1),
1178 2401 1264 2479 ὅθεν

91 2575 133 2630 14.
152 2577 254 2630 Athen.
273 2577 310 2630 ΙΙ.
330 2576 363 2631 67
371 2575 399 2630 0.
427 2573 525 2628 Aelius
543 2573 692 2643 Dionysius
716 2572 817 2627 iterum
836 2572 1012 2642 Tryphonem
1034 2575 1147 2626 eeoutne
1165 2575 1211 2626 eet
1228 2570 1264 2626 oi.

90 2665 179 2719 Crem.
199 2665 304 2719 Anocd.
323 2665 385 2718 Por.
405 2664 453 2717 111.
472 2663 534 2731 367,
554 2664 597 2717 16.
616 2661 757 2732 Tryphon.
776 2661 809 2716 fr.
823 2662 867 2716 ed.
880 2661 991 2717 Velson.
1005 2676 1032 2730 p.
1045 2661 1072 2715 7.
1091 2659 1164 2716 Prot
1176 2676 1204 2730 p.
1220 2661 1263 2717 70.

178 2756 200 2819 1)
220 2754 303 2811 Gonv.
322 2754 400 2806 Phot.
420 2752 486 2806 Hes.

179 2843 200 2908 1)
220 2843 349 2896 Fortasse
368 2841 422 2895 huo
441 2841 506 2895 Hes.
526 2856 547 2894 s.
567 2857 591 2894 v.
611 2829 679 2908 ἦδος
697 2843 813 2908 spectet.

135 2932 196 2985 191.
218 2932 237 2996 1)
256 2929 364 2984 Atticos
388 2929 466 2983 varia
489 2928 578 2983 forma
596 2944 660 2984 usos
679 2943 740 2982 eene
759 2930 880 2995 constet,
900 2943 943 2982 ex.
962 2944 1002 2997 gr.
1021 2921 1097 2996 η’θὰς
1115 2941 1161 2996 ep.
1180 2927 1264 2996 Soph.

90 3019 133 3073 El.
153 3020 214 3082 372,
235 3013 306 3081 ἐθὰς
324 3033 368 3085 ap.
388 3017 475 3071 Thuo.
494 3018 531 3072 ΙΙ.
550 3017 593 3071 44.
613 3047 649 3056 -
668 3011 739 3081 ἐθάς
757 3016 849 3086 glossa
866 3033 911 3086 ep.
930 3016 997 3071 Hes.
1016 3009 1129 3080 ἐθάδες,
1149 3010 1265 3070 ἐθάδον

89 3109 121 3161 Β.
141 3108 173 3161 Α.
193 3107 259 3174 245,
278 3107 303 3162 5.
322 3106 397 3160 Suid.
417 3105 485 3160 Lex.
504 3106 617 3160 Boohm.
637 3107 703 3171 207,
723 3107 766 3160 17.
784 3135 820 3145 -
837 3100 915 3174 η’θάς
936 3121 982 3174 ορ.
1001 3105 1080 3159 Phot.
1099 3102 1175 3159 Snid.
1194 3104 1263 3160 Lex.

89 3196 203 3250 Beohm.
222 3195 284 3262 249,
303 3195 346 3248 20.
366 3193 431 3248 Ηεε.
450 3187 565 3262 ἠθάδας,
585 3189 668 3262 ἠθάς.
696 3195 742 3249 Et.
757 3193 827 3249 Gud.
846 3194 908 3261 238,
925 3193 967 3259 13,
986 3192 1034 3248 ubi
1053 3197 1186 3248 eooentne
1205 3208 1264 3248 cor-

89 3284 221 3353 rigendus
241 3289 291 3338 est.

135 3372 194 3426 192.
217 3373 237 3442 ²)
256 3371 355 3426 Totum
374 3372 464 3426 locum
485 3388 547 3426 oum
566 3372 659 3427 Cobet.
677 3373 779 3426 Mnem.
799 3371 833 3426 X.
853 3373 895 3427 59.
923 3369 1056 3442 Dionysio
1074 3369 1182 3436 tribuo,
1202 3385 1264 3424 enm

89 3461 167 3516 Euet.
186 3479 213 3531 p.
232 3462 297 3526 300,
316 3462 364 3527 35,
385 3461 469 3530 1163,
489 3462 531 3517 48.
555 3460 673 3531 Etymol.
694 3461 732 3514 M.
751 3461 817 3526 422,
837 3461 871 3515 43
895 3459 979 3529 plene
1002 3475 1065 3514 eum
1086 3459 1148 3514 loco
1171 3462 1264 3514 nostro

90 3551 273 3605 consentiant.
303 3551 403 3616 (Meier
427 3556 456 3605 et
474 3549 575 3606 Rindfl.
594 3566 622 3618 p.
643 3551 677 3605 79
696 3548 803 3604 futtilia
826 3556 922 3604 contre
945 3549 1078 3604 Cobetum
1101 3546 1263 3617 proferunt).

180 3640 200 3703 1)
220 3639 301 3695 Oonv.
321 3639 408 3706 Phot,
430 3640 477 3709 qui
495 3639 545 3693 sub
563 3638 610 3692 fin.
630 3637 718 3692 edicit
736 3630 843 3704 ὁμοίως
861 3635 892 3692 δὲ
910 3639 959 3691 καί
977 3629 993 3705 ἢ
1014 3633 1164 3707 ἐπίγαμος,
1183 3651 1263 3704 nrgn·

89 3732 213 3784 mentum
232 3728 332 3783 summi
351 3729 449 3798 pretii,
473 3731 504 3782 ut
527 3727 612 3782 etiam
635 3727 727 3781 locum
744 3726 928 3796 Eupolidenm
948 3742 983 3780 ex
1002 3725 1128 3780 ettioieto
1145 3725 1262 3794 petitum

90 3833 151 3872 esso
176 3818 329 3873 credamus.
357 3817 466 3872 Similia
489 3832 532 3885 ap.
553 3815 628 3870 Suid.
648 3815 718 3870 Tim.
739 3816 804 3870 Hes.
823 3815 868 3870 Et.
889 3815 959 3870 Gud.
978 3813 1044 3880 238,
1063 3814 1107 3869 42.
1135 3813 1261 3869 Formam

90 3897 180 3973 ᾔθεος
198 3907 254 3960 iem
273 3905 341 3960 Poll.
361 3906 397 3959 11.
417 3907 442 3959 9.

136 3996 196 4050 193.
216 3997 238 4058 1)
257 3995 339 4049 Oonv.
359 3994 425 4049 Hes.
444 3992 519 4049 Suid.
547 3994 655 4048 Eadem
674 3993 833 4062 explicatio,
853 3992 902 4048 sed
916 3991 1091 4063 etymologia,
1111 4007 1194 4061 quom
1212 3989 1261 4046 oli·

90 4083 163 4137 undo
182 4083 303 4152 petiero,
328 4083 431 4149 addite,
452 4100 495 4152 ap.
515 4083 593 4137 Eust.
612 4099 639 4152 p.
659 4084 711 4138 627
717 4124 725 4151 ,
744 4083 787 4137 16.
806 4083 849 4137 21.
872 4082 918 4136 Et.
939 4081 1007 4136 Gud.
1027 4080 1093 4147 239,
1113 4080 1138 4136 8.
1162 4081 1207 4134 Et.
1225 4079 1260 4134 in

90 4171 152 4239 432,
172 4173 213 4227 10.
233 4172 278 4226 Et.
298 4170 344 4227 Or.
364 4173 406 4236 70,
426 4173 469 4227 25.

136 4260 197 4315 194.
226 4261 247 4326 1)
275 4260 358 4316 Vooie
382 4260 541 4315 rarissimae
571 4259 784 4329 explicationem
809 4259 976 4314 Pausaniam
1004 4274 1039 4313 ex
1061 4255 1261 4313 Mneeimeohei

91 4346 277 4418 Hippotrophi
301 4365 381 4404 versu
407 4344 512 4413 θνννὸς
530 4344 635 4420 κωβιὸς
653 4344 829 4417 ἠλακατῆνες
847 4348 891 4416 (cf.
913 4349 978 4403 Ath.
998 4348 1061 4403 VII.
1080 4348 1196 4414 301.1>.‚
1214 4343 1260 4400 IX.
