3000 5040
633 203 677 267 45

69 383 204 447 rumque
227 384 298 428 eum
317 384 388 427 cum
406 361 618 447 Aristophane
637 363 791 447 Byzantio
814 367 847 427 et
870 364 1018 429 atticistis
1040 365 1238 431 consentien-

70 476 135 534 tem
162 470 263 534 vides:
295 470 418 554 plenior
444 476 549 535 autem
578 475 625 537 est
652 491 748 554 quam
770 471 831 548 illi,
859 470 944 554 quod
973 467 1240 557 ἒθελοπρόξενος

70 596 178 641 vocem
201 579 326 654 inserit,
353 592 448 661 quam
471 598 579 643 uocem
603 598 704 661 neque
729 578 879 642 atticistis
906 600 1009 661 neque
1032 579 1239 662 Aristophani

70 682 219 760 defuisse,
242 683 316 749 inde
334 684 464 761 conicio,
487 685 573 767 quod
592 684 677 769 apud
700 684 939 768 lexicographos
961 684 1167 750 multifariam
1190 707 1240 750 re-

70 789 201 871 petitur,
224 788 263 854 cf.
283 790 321 854 fr.
341 791 414 856 282.
433 796 497 855 not.
517 790 546 854 4.
566 829 610 838 —
632 790 745 856 Pollux
772 791 871 874 igitur
898 790 1081 875 plenissima
1103 791 1241 868 exhibet,

71 897 157 980 apud
179 897 325 962 Eustath.
349 898 509 963 atticistae
533 894 804 983 ἓθελοπρόξενον
828 900 1010 975 omiserunt,
1032 899 1166 963 maxime
1190 897 1241 982 (ut

70 1024 132 1085 par
163 1009 211 1069 est
243 1004 385 1090 credero)
418 1011 567 1088 excerpta
597 1005 774 1089 Byzantina
806 1004 1029 1088 Aristophanis
1066 1005 1240 1071 doctrinam

70 1114 306 1176 contraxerunt.
352 1111 513 1177 Pollucem
541 1116 649 1177 autem
676 1110 731 1175 illo
759 1110 1086 1177 libr0111.30-50.
1115 1111 1239 1176 Aristo·

70 1215 186 1300 phanis
213 1219 348 1300 vestigia
374 1219 539 1301 pressisse,
567 1218 687 1282 dudum
715 1223 853 1284 constat:
881 1219 965 1281 idem
992 1216 1061 1282 fieri
1088 1219 1120 1281 in
1149 1222 1168 1299 ξ
1196 1217 1236 1282 51

70 1323 168 1388 -83,
197 1323 365 1390 Fresonius
383 1330 434 1390 sat
452 1326 574 1390 idoneis
593 1326 633 1389 de
653 1326 755 1390 causis
775 1324 991 1410 comprobavit
1010 1325 1053 1408 (p.
1074 1325 1129 1389 13:
1152 1324 1239 1406 ,quin

70 1430 209 1511 pendeat
233 1431 346 1496 Pollux
369 1453 408 1496 ex
430 1430 658 1515 Aristophane,
688 1431 829 1496 dubitari
852 1430 994 1517 nequit).
1040 1431 1116 1495 Ideo
1145 1432 1241 1495 etiam

70 1555 162 1600 voces
181 1527 361 1618 όοτόξενος
380 1544 413 1603 et
437 1534 703 1623 ἒθελοπρόξινος
722 1540 755 1603 in
774 1559 868 1621 opere
887 1537 1119 1621 Aristophaneo
1143 1537 1240 1602 fuisse

70 1643 285 1709 concedemus.
336 1644 440 1728 Supra
471 1651 577 1710 autem
611 1645 746 1709 diximus
775 1645 847 1709 Hes.
872 1635 1055 1723 ἆοτόξενοι.
1090 1641 1123 1708 οἱ
1153 1642 1241 1728 γένει

69 1747 133 1831 μὲν
164 1746 407 1836 προσήκοντες,
440 1749 495 1816 ἐπὶ
528 1750 564 1815 δὲ
595 1756 653 1836 τῆς
685 1743 877 1836 ἀλλοδαπῆς
908 1745 1091 1834 γεγονότες.
1134 1747 1172 1814 οἱ
1200 1750 1241 1815 δὲ

70 1845 152 1932 τοὺς
176 1855 292 1935 ξένους
313 1857 374 1941 μὲν
398 1849 514 1937 ὄντας,
541 1855 597 1922 ἐπὶ
619 1839 696 1940 repr}
720 1856 756 1921 δὲ
780 1847 902 1933 οἰστοὺς
924 1856 1125 1940 γενομένους
1147 1857 1240 1941 plane

71 1962 250 2027 consentire
272 1985 343 2028 cum
361 1965 536 2032 Pausaniae
560 1966 716 2047 opinione,
740 1965 794 2048 qui
818 1964 935 2047 etipse
954 1964 995 2027 ad
1014 1965 1122 2047 priora
1140 1964 1241 2029 lexico

69 2069 296 2150 provocaverit.
342 2071 403 2136 llla
434 2092 507 2136 vero
539 2071 752 2136 atticistarum
785 2070 891 2153 opinio
918 2071 1054 2134 recurrit
1081 2091 1130 2152 ap.
1153 2070 1240 2147 Poll,

71 2175 127 2258 qui
151 2195 220 2240 eam
243 2179 379 2242 secundo
402 2177 470 2243 loco
494 2177 616 2261 profert
639 2169 740 2261 (κατὰ
764 2175 801 2241 όέ
824 2199 930 2257 τινας,
954 2168 973 2240 ὃ
996 2175 1084 2261 γένει
1106 2176 1168 2260 μὲν
1192 2177 1239 2257 ξέ-

71 2303 141 2361 νος,
159 2289 237 2367 τιμῇ
256 2283 291 2348 δὲ
311 2274 435 2371 ἀστός).
459 2285 543 2349 unde
558 2290 702 2368 apertum
721 2289 778 2360 est,
796 2283 879 2348 hanc
897 2283 1138 2366 explicationem
1156 2286 1241 2349 vocis

71 2379 252 2470 οἷοιόξενος
275 2396 308 2455 et
330 2391 431 2474 ipsam
456 2413 494 2455 ex
512 2391 727 2474 Aristophane
750 2389 904 2473 Byzantio
928 2391 1146 2472 depromptam
1165 2410 1240 2455 esse.

160 2496 239 2560 Rem
257 2498 356 2581 igitur
373 2497 421 2563 ita
439 2499 669 2574 constituimus,
691 2502 729 2562 ut
747 2496 874 2562 Polluce
893 2496 1064 2560 adiuvante
1082 2497 1240 2561 atticistas

71 2602 298 2686 explicationes
319 2625 431 2670 vocum
453 2626 473 2670 a
496 2603 590 2685 ξένος
613 2604 825 2670 derivatarum
850 2623 888 2666 ex
911 2602 1134 2686 Aristophanis
1157 2603 1240 2668 libro

70 2709 150 2794 περὶ
167 2714 354 2776 πολιτικῶν
373 2703 553 2796 ὀνομάτων
575 2716 736 2776 mutuatos
759 2731 826 2775 esse
849 2710 1039 2776 doceremus.
1073 2710 1141 2788 Quo
1165 2710 1240 2774 lem·

70 2822 157 2880 mate
185 2817 256 2882 illas
281 2839 373 2884 voces
395 2819 598 2902 protulerint,
626 2839 727 2900 neque
751 2823 872 2882 certum
895 2821 955 2893 est,
982 2837 1084 2900 neque
1108 2817 1241 2882 multum

70 2921 178 2988 refert.
196 2920 356 3009 πρόξενοι
369 2926 586 3008 praetulimus,
605 2925 690 3008 quod
707 2924 793 2989 locus
808 2920 952 2988 Eustath.
968 2923 1009 2988 ab
1023 2923 1080 2988 illa
1097 2945 1172 2988 voce
1190 2925 1239 2987 in-

71 3029 158 3113 cipit.
201 3030 311 3115 Neque
334 3037 441 3096 tamen
464 3053 551 3096 mero
575 3033 661 3097 casui
689 3030 870 3107 tribuerim,
899 3030 984 3113 quod
1013 3029 1051 3094 fr.
1075 3029 1145 3093 Par.
1166 3031 1240 3094 Ath.

70 3156 147 3201 voce
182 3133 345 3218 ἰδιόξενος
377 3139 531 3223 incipiant
564 3144 596 3202 ct
628 3137 773 3203 doctrina
805 3136 1037 3220 Aristophanae
1070 3127 1242 3217 οότολεξεὶ

69 3244 228 3308 translata
250 3265 299 3328 ap.
319 3245 409 3310 Phot.
429 3244 516 3310 Suid.
536 3245 594 3310 sub
618 3244 766 3310 lemmate
789 3239 951 3324 ἰδιόξενος
973 3243 1064 3308 nobis
1088 3248 1239 3309 occurrat.

70 3349 169 3429 Eust,
191 3356 228 3415 ut
250 3373 318 3416 mos
338 3357 415 3429 erat,
439 3373 477 3416 ea
495 3373 569 3417 voce
589 3353 715 3435 incepit,
739 3372 833 3435 quam
851 3351 1069 3433 explicandam
1087 3349 1149 3414 sibi
1167 3372 1240 3434 pro-

69 3462 233 3541 posuerat,
267 3463 298 3522 et
326 3463 447 3524 ceteras
475 3458 646 3523 subiunxit.
672 3497 712 3506 —-
742 3442 964 3541 Aristophanis
992 3458 1182 3532 doctrinam,
1214 3458 1241 3520 si

69 3563 142 3647 quis
165 3566 279 3648 cupiet,
302 3566 399 3630 etiam
420 3565 549 3630 aliunde
572 3564 764 3648 amplificare
786 3566 913 3648 poterit.
950 3561 1054 3647 Supra
1076 3563 1160 3627 enim
1177 3563 1240 3626 iam

70 3670 222 3755 exemplis
240 3671 414 3737 Homericis
438 3677 470 3736 et
493 3671 713 3756 mythologicis
732 3693 804 3737 eum
822 3692 914 3736 usum
933 3690 1010 3746 esse,
1032 3673 1069 3732 ut
1090 3659 1240 3751 ὀνόματα

71 3773 249 3863 συγγενικά
272 3778 460 3856 illustraret,
487 3778 700 3844 intelleximus
722 3801 751 3863 p.
775 3779 827 3844 41.
873 3777 911 3840 In
935 3774 1089 3857 excerptis
1112 3775 1240 3857 quidem

69 3885 150 3950 haec
168 3885 312 3969 exempla
329 3885 561 3963 recidebantur,
583 3886 668 3969 apud
687 3885 844 3950 atticistas
858 3902 941 3958 veru,
964 3880 1132 3957 Pollucem,
1150 3880 1239 3946 schc-

69 3992 182 4058 liastas
205 3991 335 4058 Homeri
358 3992 509 4058 nonnulla
531 3992 700 4076 pellucent,
723 4011 804 4076 quae
823 3987 1044 4071 Aristophanis
1068 3985 1164 4051 fuisse
1188 4008 1239 4052 su-

71 4099 183 4183 spicor.
216 4089 397 4180 όοτόξενος
420 4100 503 4164 enim
520 4099 672 4183 Dionysio
696 4102 746 4163 est
764 4097 979 4180 Agamemnon
1000 4096 1033 4158 in
1052 4093 1152 4178 Lydia
1170 4114 1239 4158 ver-

71 4226 145 4271 sans
178 4205 279 4292 (Eust.
308 4207 327 4271 l.
354 4206 389 4292 l.)
416 4206 465 4270 vel
493 4207 608 4270 Atreus
636 4207 670 4269 in
697 4204 867 4287 Phrygiam
893 4200 1094 4285 proficiscens
1122 4199 1239 4285 (Schol.

71 4311 163 4378 Hom.
183 4313 216 4377 Δ.
236 4311 331 4399 377),
354 4312 528 4377 Pausaniae
552 4333 624 4378 vero
649 4311 785 4376 Glaucus
808 4302 1010 4391 Ἱππολόχου
1033 4314 1096 4372 τοῦ
1118 4309 1239 4371 Βελλε-
