3000 5040
815 247 881 314 230

261 400 323 495 τὴν
347 406 480 474 ἐκεῖθεν
502 399 614 495 πνοὴν
637 400 793 495 ἄρκιον,
821 406 868 488 εἰς
891 399 910 476 δ
938 410 994 476 καὶ
1022 408 1117 498 φέρει
1140 408 1297 489 ἐκεῖνος
1316 416 1440 498 χρῆσιν

260 511 387 603 ταύτην
409 514 535 603 (Aesch.
554 515 592 580 fr.
613 517 684 581 127.
703 515 838 605 Nauck)

473 625 530 688 καὶ
551 615 618 710 μὴν
640 619 775 706 πελάζει
798 625 856 690 καὶ
877 619 1063 709 καταψύχει
1084 616 1176 712 πνοὴ

473 725 589 816 άρκιος
612 723 658 808 ὡς
680 727 842 816 ναύτῃσιν
864 723 1019 810 άσκεύοις
1040 727 1166 817 μολοόν.

235 828 301 904 sco
326 837 361 904 δὲ
385 828 492 923 ἅμαξα
515 836 549 904 οἱ
571 840 710 904 παλαιοὶ
732 844 899 923 ψιλοῦσιν.

350 946 424 1012 359.
460 946 634 1012 Eustath.
657 970 686 1032 p.
717 946 816 1025 1289,
839 946 892 1013 48.
928 939 969 1012 τό
998 946 1034 1012 δὲ
1066 938 1152 1032 ἄμφ’
1176 940 1441 1034 άστραγάλοισιν

256 1045 409 1132 Ἀττικαῖς
432 1051 539 1142 ῥηθὲν
562 1044 698 1141 εὕρηται
720 1055 778 1119 καὶ
795 1053 913 1138 γένους
931 1059 1093 1141 θηλυκοῦ.
1119 1053 1174 1144 [έν
1195 1045 1269 1141 γάρ
1291 1060 1441 1122 παλαι-

261 1172 320 1239 οῖς
342 1153 597 1248 ὑπομνήμασι
621 1160 773 1247 φέρεται,
802 1151 855 1226 ότι
878 1158 912 1227 οἱ
933 1163 1071 1239 αλεέους
1098 1152 1185 1247 οἶμαι>
1206 1154 1440 1248 άστραγάλρσι

260 1265 474 1355 γράφουσιν)
516 1270 573 1334 καὶ
602 1263 693 1335 ἔστιν
715 1259 865 1334 Ἰωνικόν
891 1260 1212 1357 ἦ-άστραγάληῑ),
1241 1260 1289 1347 ὡς
1318 1271 1381 1336 καὶ
1403 1269 1442 1337 ἐν

222 1400 248 1439 ιο
261 1372 462 1463 ῥητορικῷ
485 1367 646 1464 εὕρηται
669 1380 825 1461 λεξικῴ,
849 1373 886 1442 έν
909 1365 938 1463 ᾦ
956 1377 1013 1442 καὶ
1031 1366 1087 1442 ότι
1104 1367 1187 1454 τούς
1203 1368 1441 1463 ἀστραγάλους

262 1486 318 1550 καὶ
342 1476 587 1570 άστρίχουςῖ)
611 1483 774 1568 λέγουσιν.

351 1592 424 1658 360.
460 1591 632 1657 Euolath.
655 1613 685 1675 p.
712 1591 810 1673 1872,
834 1591 865 1656 3.
902 1582 921 1656 ὃ
951 1591 987 1655 δὲ
1015 1595 1088 1672 σῦς,
1120 1582 1167 1669 ὦς
1194 1592 1253 1657 καὶ
1280 1584 1370 1659 αύτό
1399 1592 1441 1659 ἓν

261 1697 460 1786 ῥητορικῷ
487 1710 595 1763 κεῖται
622 1703 780 1784 λεξικῴ,
807 1699 865 1763 καὶ
894 1689 1154 1784 άσχέδωροςῑ)
1181 1696 1324 1784 λέγεται.
1358 1701 1442 1787 φησὶ

261 1799 337 1892 γάρ·
371 1799 559 1891 ἀσχέδωρος
583 1798 602 1871 ό
631 1801 774 1892 σύαγρος
795 1797 888 1891 παρά
911 1798 1119 1883 Ἰταλιώταις.
1147 1797 1322 1894 ἠγνόησαν
1346 1807 1384 1874 δὲ
1407 1805 1441 1873 οἱ

223 1935 248 1974 15
263 1908 449 1991 άποδόντες
471 1904 534 1978 τδν
558 1907 677 1998 άσχετα
701 1909 927 2000 δωρούμενον.
963 1906 1082 2000 [ἤγουν
1105 1911 1139 1979 οἱ
1162 1908 1440 2001 ἑρμηνεύσαντας,

263 2012 315 2087 ότι
339 2013 527 2106 άσχέδωρός
549 2019 640 2087 ἐστιν
663 2014 682 2087 ὃ
706 2016 827 2106 ἄσχετα
851 2017 1078 2108 δωρούμενος,
1106 2013 1153 2099 ὡς
1181 2015 1237 2087 οἶά
1263 2044 1318 2100 τις
1339 2045 1440 2108 μεγα-

262 2124 436 2216 λόδωρος).
475 2133 589 2216 χρῆσις
617 2128 667 2209 δέ,
695 2146 830 2212 φασιν,
854 2122 1048 2215 άσχεδιόρου
1070 2120 1154 2215 παρ’
1177 2125 1339 2215 Αἰσχύλῳ
1368 2130 1440 2196 δια-

261 2236 418 2321 τρὶψαντι
442 2234 479 2302 έν
501 2237 642 2325 Σικελία
665 2239 721 2302 καὶ
745 2233 857 2302 εἰδότι.
882 2238 963 2325 φησὶ
984 2228 1047 2323 γάρ
1071 2237 1124 2325 (fr.
1143 2236 1217 2303 261.
1235 2236 1388 2325 Nauck.)·

519 2340 577 2410 έδυ
601 2337 635 2409 δ’
654 2343 687 2421 ές
710 2337 835 2430 άντρον
859 2336 1049 2430 άσχέδωρος
1070 2334 1125 2422 οός.

222 2471 249 2512 ιο
262 2451 349 2539 λέγει
373 2452 408 2518 δὲ
431 2453 488 2517 καὶ
510 2443 531 2538 ἡ
554 2453 722 2537 κωμῳδία.
749 2452 899 2539 (Sclerias
922 2451 1097 2539 Meleagro)

476 2551 554 2626 ἔνθ’
574 2552 653 2625 οὔτε
676 2552 802 2647 ποιμὴν
825 2551 916 2641 άξιοϊ
934 2557 1047 2644 νέμειν
1069 2549 1154 2640 βοτά

475 2658 551 2732 οὔτ’
570 2659 757 2752 άσχέδωρος
779 2662 963 2752 νεμόμενος
985 2661 1206 2753 κααρρόζεται.

264 2771 343 2842 ένδα
366 2777 423 2840 καὶ
447 2765 510 2861 ὅρα
527 2765 567 2840 τδ
586 2770 886 2864 κατιροόζεταιῑ),
910 2761 952 2842 οὗ
974 2764 1021 2853 ὥς
1041 2797 1111 2841 που
1134 2772 1171 2840 έν
1194 2766 1308 2841 Ἰλιάδι
1330 2796 1439 2862 προε-

308 2973 369 3029 359.
389 2972 473 3028 Unois
492 2971 600 3026 inclusa
619 2987 695 3027 conv.
715 2987 777 3028 cum
795 2970 885 3027 Schol.
905 2972 974 3027 Van.
993 2972 1027 3027 A.
1047 2971 1082 3026 ad
1105 2972 1133 3025 Ψ
1148 2972 1191 3027 88.

353 3063 374 3130 ²)
392 3062 499 3117 Eadem
518 3060 652 3127 doctrino,
671 3062 721 3116 sed
739 3060 825 3116 multo
843 3059 931 3116 fusior
948 3077 993 3131 ap.
1007 3061 1039 3115 B.
1052 3063 1086 3116 A.
1098 3060 1160 3127 454,
1175 3061 1218 3115 22.
1242 3058 1283 3116 of.
1302 3060 1372 3117 Hes.
1392 3061 1440 3118 Et.

264 3152 303 3206 M.
324 3136 384 3219 159,
403 3151 447 3205 40.
476 3151 542 3206 Cum
561 3149 649 3205 forma
667 3150 761 3206 Ionica
780 3150 943 3221 explicetur,
963 3150 999 3205 ad
1016 3152 1049 3204 A.
1068 3149 1268 3220 Dionysium
1284 3149 1391 3206 refero.

354 3241 375 3307 ²)
393 3239 491 3295 Altera
503 3240 595 3309 glossa
613 3239 701 3309 priori
719 3241 815 3296 addita
833 3256 877 3310 sp.
891 3242 922 3294 B.
935 3242 968 3294 A.
982 3239 1043 3306 455,
1057 3241 1082 3294 2.
1102 3238 1142 3296 (tf.
1155 3240 1221 3295 Hes.
1236 3255 1257 3294 s.
1271 3256 1296 3295 v.
1310 3232 1440 3312 άστριες.

264 3328 309 3383 Et.
328 3331 365 3384 M.
386 3328 450 3394 159,
469 3330 513 3384 32.
541 3329 689 3398 Utramque
713 3328 829 3384 formam
852 3321 977 3400 (ἄστροις
1000 3332 1029 3383 et
1051 3321 1190 3400 άστριχοι)
1212 3328 1307 3385 atticis
1330 3329 1361 3385 in
1386 3347 1441 3387 usu

264 3419 350 3474 fuisse
369 3419 450 3473 docet
467 3418 545 3473 Eust.
564 3436 591 3487 p.
611 3419 690 3486 1397,
709 3419 752 3474 35.
772 3415 849 3489 λέγει
868 3417 899 3472 δὲ
918 3419 967 3472 καὶ
985 3417 1033 3488 (so.
1052 3411 1068 3472 ὃ
1086 3420 1153 3489 περὶ
1171 3419 1292 3472 παιδιῶν
1310 3413 1441 3490 γράψας)

265 3502 469 3580 ἀστραγάλους,
490 3503 517 3562 οἳ
535 3509 584 3561 καὶ
603 3499 719 3578 άστριες
737 3509 786 3562 καὶ
804 3502 982 3578 άστράγαλοι
1000 3505 1132 3578 λέγονταί
1150 3522 1244 3576 φησιν.
1281 3506 1364 3563 Unde
1384 3508 1440 3564 iue-

264 3617 326 3654 rum
343 3597 539 3667 Aristophanis
563 3598 707 3652 thesauros
731 3613 782 3666 per
800 3597 960 3652 Suetonium
984 3598 1020 3652 ad
1038 3597 1115 3653 attio.
1135 3597 1175 3668 (et
1192 3597 1229 3652 ad
1246 3596 1316 3652 Poll.
1336 3597 1373 3652 X.
1393 3599 1441 3666 99)

264 3688 398 3745 transisse
417 3694 544 3757 apertum
564 3690 614 3742 est.
644 3688 772 3742 Fortasse
793 3688 878 3742 etiam
897 3686 987 3742 Schol.
1005 3685 1075 3741 Plat.
1095 3687 1158 3758 Lys.
1177 3703 1204 3756 p.
1223 3684 1326 3756 206E.,
1345 3693 1377 3743 ot
1396 3703 1440 3756 ea,

265 3795 336 3848 quae
355 3795 399 3848 ap.
419 3779 497 3833 Eust.
517 3779 608 3834 locum
630 3782 754 3832 nostrum
778 3780 943 3847 sequuntur,
966 3777 1003 3832 ad
1027 3776 1165 3832 atticistas
1188 3775 1341 3833 referenda
1362 3783 1439 3845 sunt,

265 3868 299 3924 cf.
319 3869 441 3938 Giesing.
461 3887 487 3938 p.
507 3869 550 3923 41.
561 3885 601 3937 sq.
621 3867 705 3933 Cohn,
725 3867 840 3922 Jahrbb.
860 3867 921 3922 XII.
941 3884 969 3936 p.
987 3868 1048 3922 360.
1060 3882 1100 3936 sq.

308 3960 369 4014 360.
397 3959 531 4013 Aelium
549 3957 747 4028 Dionysium
766 3961 908 4013 auctorem
927 3971 1054 4026 agnosco,
1073 3955 1109 4011 cf.
1127 3961 1183 4012 not.
1202 3957 1228 4012 2.

355 4050 375 4117 1)
394 4049 433 4104 ef.
453 4049 531 4103 Eust.
550 4065 578 4118 p.
598 4048 662 4111 774,
681 4048 725 4103 23.
744 4049 775 4102 Β.
795 4049 828 4102 A.
848 4048 909 4110 457,
928 4048 973 4102 21.
990 4047 1056 4102 Hes.
1075 4040 1252 4117 ἀσχέδωρος·
1272 4039 1289 4101 δ
1309 4040 1440 4120 σύαγρος

265 4134 476 4209 capicitatem,
496 4138 545 4193 ubi
561 4153 616 4193 non
630 4153 691 4192 cum
704 4137 832 4195 Nauckio
844 4137 862 4192 l.
875 4137 894 4192 l.
907 4152 1006 4193 nomen
1019 4135 1152 4210 Aeschyli
1163 4136 1370 4192 restituendum
1383 4141 1435 4193 est

355 4229 375 4296 ⁹)
395 4227 433 4283 of.
454 4229 488 4284 fr.
507 4230 568 4284 220.
589 4232 617 4283 et
634 4227 713 4282 Eust.
731 4228 759 4298 p.
778 4228 845 4296 853,
864 4229 906 4283 37.
926 4259 962 4267 -
980 4228 1024 4283 Ad
1042 4227 1146 4284 fontem
1165 4231 1198 4283 A.
1217 4226 1347 4299 Dionysii
1369 4226 1438 4296 (for-

265 4320 341 4372 tasse
364 4317 591 4386 Pamphilum,
620 4316 653 4372 of.
677 4317 821 4373 Schtncm.
844 4335 871 4388 p.
895 4318 938 4373 87.
962 4317 1015 4386 80.)
1042 4318 1201 4390 perveneris
1230 4333 1266 4374 ex
1292 4316 1359 4373 Ath.
1386 4317 1438 4373 1x.

265 4408 364 4473 402Β.,
383 4408 430 4477 qui
449 4423 510 4461 cum
529 4407 583 4462 lex.
602 4407 674 4461 rhet.
689 4408 773 4476 plane
792 4406 926 4478 congruit.
954 4407 1104 4469 Aternus
1123 4406 1250 4464 doctrina
1268 4423 1332 4464 cnm
1345 4407 1437 4464 Athe·
