3000 5040
635 273 675 336 31

73 431 306 514 provocandum
334 435 394 496 est:
421 431 463 496 ad
490 431 527 496 fr.
552 432 640 509 217,
667 431 722 497 ubi
745 431 870 497 Aelium
893 432 1078 516 Dionysium
1105 431 1240 516 triginta

75 538 217 620 exempla
240 543 272 602 et
294 559 391 602 uuum
414 538 581 621 protulisse
609 539 767 616 audimus,
795 545 830 604 ut
856 559 954 622 genus
980 540 1142 604 nominum
1164 543 1239 604 atti·

75 664 146 707 cum
168 642 209 708 ab
232 646 388 709 communi
410 666 469 711 usu
492 645 649 710 diversum
678 665 745 711 esse
768 647 1006 711 demonstraret.
1052 645 1142 712 Talia
1169 669 1240 711 eum

74 770 138 814 una
160 751 193 814 in
216 750 321 834 glossa
342 752 532 834 protulisse?
564 752 708 817 Minime:
731 754 827 816 immo
850 752 982 835 singulis
1003 752 1081 818 locis
1104 752 1241 839 (utiam

73 855 188 924 Rindfl.
217 859 394 942 suspicatur
421 863 453 923 et
475 857 684 924 schwartzius
712 856 802 946 fecit)
828 859 862 922 in
891 858 1082 925 editionibus
1109 861 1173 926 suis
1200 861 1241 925 de

74 963 125 1029 his
142 965 270 1031 vocibus
290 966 363 1048 egit,
386 966 469 1048 quod
489 965 611 1031 duabus
632 965 786 1050 imprimis
809 967 849 1031 de
867 968 969 1032 causis
991 966 1157 1051 probabile
1180 971 1240 1032 cst:

74 1072 159 1155 apud
182 1072 421 1156 lexicographos
443 1073 532 1138 nulla
549 1073 662 1156 glossa,
685 1094 766 1158 quae
784 1072 863 1138 haec
881 1075 987 1138 omnia
1005 1074 1241 1157 complectatur,

74 1184 220 1262 apparet:
252 1181 347 1245 immo
374 1179 506 1263 singulis
532 1179 610 1245 locis
638 1178 820 1268 (cinctas)
848 1181 987 1264 singulas
1014 1201 1105 1246 voces
1127 1185 1240 1264 protu-

74 1285 187 1350 lerunt.
232 1287 355 1351 Deinde
382 1308 458 1352 vero
484 1285 628 1369 pluribus
654 1286 726 1352 aliis
753 1286 830 1352 locis
853 1286 1039 1352 Eustathius
1061 1287 1111 1351 vel
1134 1286 1241 1370 singu-

74 1392 121 1457 las
150 1392 270 1475 glossas
298 1414 376 1476 quas
403 1395 437 1457 in
464 1393 520 1458 illa
547 1395 692 1476 congerie
719 1394 898 1477 protulerat
926 1385 1072 1479 (ἁρπάγη
1099 1392 1137 1458 fr.
1167 1394 1240 1471 199,

75 1493 196 1576 σκότος
219 1499 256 1564 fr.
280 1500 364 1577 300,
387 1491 487 1584 ζυγὸν
510 1499 547 1565 fr.
574 1499 652 1585 188)
675 1500 785 1566 laudat
806 1501 865 1576 vel,
887 1505 924 1564 ut
945 1499 983 1565 fit
1004 1522 1034 1583 p.
1059 1501 1112 1577 73,
1134 1501 1176 1564 39
1200 1499 1239 1566 cf.

74 1628 104 1690 p.
129 1605 207 1683 865,
230 1606 271 1670 37
300 1605 351 1693 (fr.
375 1606 449 1672 361.
472 1606 553 1691 418)
576 1607 610 1670 in
632 1607 774 1690 longiore
797 1607 1011 1690 disputatione
1034 1607 1241 1690 grammatica

73 1712 200 1778 voculas
218 1712 290 1777 illas
308 1713 428 1790 inserit,
451 1714 584 1796 quaein
607 1711 785 1795 fragmento
808 1713 863 1778 illo
886 1713 1133 1779 luculentissimo
1153 1713 1240 1778 exhi·

73 1817 202 1884 buerat:
226 1820 272 1884 sio
289 1819 308 1884 l.
323 1820 343 1884 l.
357 1820 463 1885 redire
480 1821 622 1885 videmus
640 1815 774 1905 τάριχος
792 1824 824 1885 et
843 1815 980 1895 σκότος·
1004 1812 1104 1897 ὅσσος
1122 1842 1161 1885 ex
1179 1820 1238 1885 lex.

73 1925 153 1990 rhet.
172 1924 234 1990 fuit
252 1925 304 2013 (of.
324 1925 361 1990 fr.
379 1926 474 2014 418):
497 1919 623 2009 ἄφενος
640 1948 716 1992 vero
736 1919 867 2002 ὄνειδος
889 1932 947 1992 eto.
967 1946 1048 2011 quae
1066 1926 1124 1992 sub
1143 1925 1239 1992 finem

73 2032 302 2115 adiunguntur,
329 2033 362 2098 in
389 2034 548 2100 atticistae
575 2034 643 2099 loco
670 2034 776 2100 adhuc
802 2033 1032 2099 desiderantur.
1076 2033 1146 2098 Nisi
1173 2055 1240 2098 cre-

74 2138 223 2214 dereris,
245 2139 450 2206 Eustathium
471 2141 550 2206 haec
572 2141 678 2224 priore
700 2140 769 2206 loco
791 2141 942 2218 omisisse,
964 2141 1042 2205 mihi
1061 2145 1147 2206 certo
1166 2161 1240 2206 con-

74 2245 186 2310 cedere
208 2245 340 2313 debebis
363 2269 401 2313 ea
423 2270 462 2312 ex
484 2248 616 2332 singulis
638 2247 811 2314 lexioorum
833 2248 911 2314 loeis
932 2246 1065 2313 collecta
1088 2253 1120 2312 et
1142 2268 1239 2312 unum

73 2351 108 2415 iu
131 2373 244 2436 corpus
266 2355 357 2437 quasi
380 2355 510 2420 redacta
533 2376 609 2420 esse.

162 2459 324 2525 Eustathii
346 2463 443 2545 igitur
465 2464 622 2527 rationem
643 2462 745 2527 lexica
762 2460 953 2545 compilandi
975 2461 1072 2526 talem
1096 2481 1163 2526 esse
1185 2461 1240 2525 de·

73 2571 284 2632 monstratum
307 2573 368 2646 est,
394 2574 431 2634 ut
453 2569 615 2635 occasione
642 2568 718 2634 data
739 2589 847 2634 vocem
869 2567 1027 2651 quandam
1049 2568 1147 2633 attico
1170 2568 1241 2632 usui

73 2677 234 2756 propriam
257 2697 296 2739 ex
318 2676 531 2740 atticistarum
548 2675 658 2740 lexicis
676 2674 882 2740 adumbraret
901 2679 942 2752 et,
964 2675 1049 2758 quod
1066 2674 1168 2739 lexioa
1185 2673 1241 2738 illa

73 2781 108 2844 in
132 2781 252 2847 deliciis
275 2781 389 2846 habuit
411 2804 581 2864 eorumque
604 2783 638 2846 in
661 2783 765 2847 studio
793 2780 952 2858 incubuit,
979 2781 1093 2847 seriem
1115 2781 1240 2845 deriva-

74 2893 180 2952 tarum
202 2889 251 2953 vel
272 2891 519 2973 propinquarum
542 2889 682 2954 adderet.

164 2995 307 3060 Alterum
330 3018 453 3082 quoque
476 2997 606 3073 accedit,
628 3003 665 3061 ut
686 2996 769 3061 hauc
792 2997 822 3060 ei
844 2994 1028 3060 methodum
1050 2993 1147 3059 fuisse
1165 3014 1240 3059 con·

74 3102 237 3168 cedamus:
261 3103 475 3188 fragmenta
489 3104 586 3168 enim
600 3103 860 3168 atticistarum
873 3123 946 3167 non
963 3101 1035 3165 huo
1052 3101 1146 3166 illuc
1160 3102 1240 3166 dis·

73 3231 186 3293 persa
203 3216 240 3275 et
262 3210 442 3276 solitaria
463 3210 603 3276 lectori
626 3213 845 3286 occurrunt,
868 3209 933 3274 sed
955 3208 1162 3273 acervatim
1180 3208 1264 3271 in-·

73 3319 287 3382 veniuntur.
320 3319 410 3396 Quod
429 3317 560 3402 singulis
577 3317 654 3383 locis
672 3317 826 3382 illustrari
839 3319 960 3400 potest:
984 3313 1062 3380 Cum
1079 3314 1113 3378 in
1130 3313 1241 3398 primis

74 3424 218 3490 ducentis
232 3426 356 3508 paginis
370 3425 491 3490 nullum
506 3424 572 3489 fere
590 3429 735 3490 occurrat
749 3423 969 3508 fragmentum,
987 3422 1020 3486 iu
1035 3444 1064 3505 p.
1076 3422 1149 3486 206.
1169 3443 1242 3486 con-

73 3529 184 3596 iuncta
195 3532 317 3596 videbis
331 3531 369 3597 fr.
382 3534 453 3597 101.
463 3536 596 3616 γελοῖον
611 3530 647 3597 fr.
658 3531 732 3596 209.
747 3525 846 3607 ἰλλός,
860 3528 898 3594 fr.
912 3529 987 3594 448.
1000 3523 1117 3612 χωλός,
1131 3550 1160 3612 p.
1176 3528 1239 3592 226

73 3637 173 3702 habes
201 3636 238 3702 fr.
262 3638 336 3704 301.
365 3639 528 3725 στρουθοί
555 3643 588 3703 et
615 3637 652 3702 fr.
680 3638 742 3703 261
772 3628 922 3714 νεοττὸς,
949 3637 1038 3719 inp.
1067 3635 1139 3699 331.
1168 3641 1242 3699 sunt

74 3743 251 3827 fragmenta
269 3745 458 3811 Pausaniae:
485 3735 669 3810 Θετταλικὰ
688 3743 777 3830 γέρα,
799 3746 978 3808 Θετταλῶν
998 3737 1155 3824 σόφισμα,
1169 3734 1240 3825 Ἔμ-

72 3854 176 3937 βαρος
203 3847 235 3916 εἷ
260 3851 312 3939 (fr.
336 3853 409 3918 204.
435 3853 527 3937 163),
554 3875 584 3936 p.
607 3851 671 3916 368
704 3850 741 3917 fr.
767 3851 890 3935 δίρκοι,
916 3853 1038 3935 Κᾶρες,
1066 3843 1241 3933 Κάρδακες

75 3957 128 4042 (fr.
160 3959 237 4034 131,
265 3980 303 4023 ex
329 3958 441 4043 praei,
468 3958 505 4023 fr.
534 3958 628 4046 222),
655 3981 685 4042 p.
713 3958 777 4022 396
805 3956 842 4022 fr.
865 3951 1062 4040 τιτιγόνιοα,
1090 3954 1241 4040 δένδρον,

76 4060 344 4151 δενδρυάζουσαα
367 4065 418 4152 (ir.
439 4066 491 4142 87,
516 4065 603 4151 119),
625 4065 674 4129 vel
697 4070 732 4128 ut
754 4064 795 4128 ad
820 4064 978 4147 Odysseae
1000 4063 1240 4128 commentarios

74 4191 132 4237 nos
159 4172 339 4255 ablegemus
365 4195 394 4256 p.
421 4171 647 4237 1384-1387.
670 4169 706 4235 fr.
730 4171 819 4249 Δίες,
846 4161 1076 4254 α’γαθσότερας,
1103 4173 1240 4254 pasegu,

75 4269 214 4363 ἁθρόος,
227 4278 539 4365 καθημαξευμέασας,
553 4272 765 4363 μέγαρον’(1ι’.
778 4277 849 4354 137,
864 4278 895 4354 4,
908 4278 981 4354 110,
990 4275 1065 4353 343,
1075 4275 1149 4354 218,
1160 4275 1240 4362 254)

74 4406 104 4469 p.
122 4384 339 4452 1390-1392
354 4386 392 4451 fr.
406 4381 568 4471 κακκάβη,
585 4387 748 4468 Θελγῑνες,
766 4383 894 4464 κέσκας,
913 4376 1072 4460 trecate
1087 4384 1151 4471 (no.
1166 4382 1241 4460 217,
