3000 5040
836 241 902 308 242

282 422 342 480 τις,
364 392 385 486 ἡ
407 396 524 488 πρότιγ
547 400 743 488 πεμπομένη
767 400 805 467 έν
827 415 899 481 ταῖς
921 415 1078 488 πομπαῖς.
1102 399 1247 493 παλάδη
1269 405 1309 473 δὲ
1332 409 1462 495 κυρίως

284 505 414 592 ἐλέγετο
437 501 458 594 ἦ
481 516 552 574 τῶν
577 505 701 591 σύκων,
723 503 799 596 ἦτοι
821 517 893 576 τῶν
916 506 1073 596 ἰσχάδων,
1096 508 1328 594 ἐπισόνθεσις.

851 765 887 828 Θ.

371 921 446 987 391.
469 922 641 988 Eustath.
661 945 690 1007 p.
709 923 784 1001 914,
803 923 855 990 34.
881 914 1061 1012 θαιρδςῐ)
1080 924 1118 991 δὲ
1134 932 1198 993 νῦν
1211 925 1275 1012 μέν
1290 924 1458 1017 στρόφιγξ

281 1023 403 1114 θύρας·
432 1027 473 1094 ἐν
497 1029 537 1095 δὲ
560 1025 761 1118 ῥητορικῷ
783 1035 926 1116 λεξικρῦ
950 1022 1085 1119 εὕρηται
1107 1035 1163 1099 καὶ
1188 1023 1243 1101 ότι
1266 1026 1408 1123 damig-
1436 1030 1455 1104 δ

255 1129 373 1218 δόξων
395 1128 487 1222 παρὰ
509 1141 685 1220 Σοφοκλεῖ
706 1137 939 1225 (Τριπτολέμῳ
962 1139 1001 1206 fr.
1020 1140 1096 1207 539.
1114 1140 1250 1231 Nauok).

371 1244 445 1311 392.
477 1245 650 1312 Eustath.
669 1267 698 1330 p.
717 1245 792 1324 378,
812 1246 862 1314 15.
891 1236 944 1312 δτι
963 1245 999 1312 δὲ
1018 1241 1038 1313 ὃ
1055 1239 1212 1337 θεοειδὴς
1229 1250 1288 1316 καί
1307 1243 1457 1340 θεουδὴς

281 1351 411 1437 λέγεται
438 1347 554 1439 κράσει
579 1352 641 1439 μὲν
670 1359 732 1419 τοῦ
756 1363 772 1418 ε
795 1356 853 1419 καὶ
875 1362 896 1420 ὃ
919 1353 965 1432 είς
987 1345 1050 1442 τὴν
1073 1377 1115 1421 ου
1138 1357 1346 1443 δίφθογγον,
1374 1358 1456 1442 ἐξω-

280 1456 381 1548 θήσει
404 1460 440 1526 δε
459 1466 521 1526 τοῦ
539 1474 562 1541 ῖ,
586 1458 727 1544 ἐκφανεῖ
741 1483 811 1526 που
827 1451 975 1550 ςΌμηρος.
1005 1456 1023 1528 δ
1045 1462 1087 1529 δὲ
1103 1459 1258 1551 γράψας
1280 1463 1324 1532 ἐν
1348 1482 1455 1535 στοι-

279 1574 419 1652 χειακῇ
441 1563 550 1649 τάξει
573 1567 720 1649 λέξεων
742 1568 899 1654 λέγεσθαι
917 1569 1242 1660 θεαιδέστατονῑ)
1265 1563 1323 1641 διὰ
1342 1582 1403 1662 τῆς
1421 1599 1455 1642 αι

241 1687 268 1730 1⁰
282 1670 470 1760 διφθόγγου
497 1673 823 1764 προπαραληγούσης
848 1668 911 1743 τόν
939 1682 1025 1744 θεοῖ
1048 1676 1141 1745 ἰδέαν
1164 1675 1285 1765 έχοντα
1308 1684 1369 1749 καὶ
1391 1706 1454 1749 πα-

281 1783 398 1868 ραθεὶς
409 1791 527 1870 χρῆσιν
536 1775 760 1867 Ἀντιφῶντος
774 1783 826 1871 (ἐν
840 1791 890 1871 τῷ
908 1785 987 1871 περὶ
1005 1776 1165 1871 ὁμονοίας
1182 1785 1220 1853 fr.
1242 1789 1316 1855 108.
1335 1789 1454 1878 Blass)

279 1881 320 1954 τδ
348 1883 569 1976 ,ἄνθρωπος
597 1881 635 1969 ὅς
661 1909 742 1978 φησι
768 1887 909 1958 πάντων
933 1893 1066 1979 θηρίων
1093 1893 1336 1975 θεαιδέστατος
1362 1897 1454 1983 γενέ-

282 2002 385 2062 σθαί(
407 1989 526 2063 καινόν
548 1997 610 2082 μέν
628 2022 662 2064 τι
679 1994 810 2085 γράφει,
832 1995 1024 2065 πιστεύεται
1047 1999 1084 2066 δὲ
1107 1995 1154 2079 ὡς
1176 1997 1281 2088 λόγου
1305 1997 1409 2086 άξιος.

369 2103 443 2169 393.
475 2104 646 2171 Eustath.
669 2129 700 2191 p.
722 2107 816 2184 1397,
839 2107 891 2172 57.
924 2103 961 2171 οἱ
983 2107 1121 2191 μέντοι
1142 2106 1454 2198 γλωσσογράφοι

240 2223 267 2265 1⁶
280 2201 360 2289 τοὺς
372 2207 505 2298 Κρῆτάς
519 2229 601 2298 φασι
614 2209 879 2300 θεράπονταῑ)
893 2204 956 2280 τόν
971 2205 1169 2301 ὁπλοφόρον
1185 2216 1311 2283 δοῦλον
1325 2223 1452 2286 καλεῖν.

369 2320 443 2386 394.
474 2320 648 2388 Eustath.
672 2344 702 2406 p.
728 2321 828 2400 1934,
850 2321 879 2386 6.
916 2316 1075 2408 θόλοςῑ)
1104 2321 1155 2404 δέ,
1181 2340 1300 2406 φασιν,
1329 2324 1452 2413 οἴκημα

280 2428 493 2515 κυκλοτερὲς,
526 2427 572 2506 είς
600 2417 620 2494 δ
647 2421 689 2494 τά
717 2423 933 2517 καθεκάστην
957 2425 1099 2517 χρήσιμα
1125 2436 1197 2497 τῶν
1225 2438 1360 2499 σκευῶν
1389 2431 1452 2499 ἐτί-

280 2539 400 2617 θεντο,
429 2531 504 2601 οἷον
526 2537 680 2615 πίνακες,
707 2542 883 2622 κρατῆρες,
911 2533 1103 2621 ἐκπώματα.
1128 2575 1170 2587 -
1195 2535 1236 2605 έν
1265 2538 1307 2604 δὲ
1335 2535 1452 2628 (ipro-

281 2650 379 2730 ρικῷ
407 2648 549 2729 λεξικῷ
576 2634 711 2731 εόρηται
738 2645 795 2709 καὶ
819 2637 923 2710 οὕτω·
957 2640 1090 2711 θόλοι·
1131 2645 1257 2732 στέγαι,
1285 2642 1451 2730 ἐπάλξεις,

326 2880 387 2933 391.
406 2878 429 2945 1)
446 2878 570 2932 Priorem
589 2875 820 2947 significationem
840 2881 986 2933 servarunt
1004 2877 1078 2933 Suid.
1096 2876 1225 2948 Apollon.
1244 2876 1387 2936 1ο1.11οι11.
1405 2881 1450 2949 85,

280 2967 323 3022 27.
342 2966 387 3022 Et.
406 2967 446 3021 M.
464 2967 527 3034 444,
545 2968 571 3022 4.
590 2967 656 3035 446,
675 2969 717 3022 31.
737 2971 781 3034 t==
800 2967 890 3023 Schol.
909 2967 942 3022 Il.
962 2967 998 3022 M
1012 2968 1084 3036 460).
1102 2967 1148 3023 Et.
1167 2966 1237 3023 Gnd.
1256 2967 1324 3038 253,
1343 2969 1388 3026 10.
1407 2969 1451 3025 12.

280 3056 348 3112 Lex.
371 3057 484 3111 Baohm.
504 3056 569 3122 253,
593 3057 636 3111 19.
669 3056 735 3112 Ηοε.
753 3072 818 3112 vero
841 3056 963 3127 priorem
985 3072 1047 3113 oum
1070 3057 1164 3114 altera
1182 3056 1327 3113 ooninnxit
1348 3060 1380 3114 ot
1402 3058 1451 3115 So-

279 3145 386 3216 phoclis
405 3145 593 3200 testimonium
611 3145 728 3201 addidit.

323 3236 385 3290 392.
414 3234 454 3290 ef.
473 3235 544 3290 Prol.
565 3252 593 3305 p.
612 3236 654 3290 10.
675 3237 791 3292 12.11ο1.
812 3239 836 3291 1.

367 3325 390 3392 ²)
407 3325 523 3380 Prorsus
542 3341 604 3380 oum
622 3329 715 3381 nostro
734 3326 894 3396 conspirant
911 3327 990 3382 Phot.
1010 3325 1084 3383 Suid.
1103 3326 1149 3382 Et.
1166 3326 1205 3382 M.
1218 3325 1280 3394 444,
1301 3325 1344 3382 13.
1363 3325 1451 3384 (11.3.

279 3415 312 3469 Δ.
332 3414 394 3483 263,
412 3414 455 3469 31.

323 3505 385 3560 393.
412 3504 545 3573 Dubium,
566 3521 603 3561 an
621 3505 753 3562 atticistis
772 3505 950 3563 tribuendum
968 3507 1013 3562 sit.
1041 3505 1132 3562 Meior
1149 3505 1184 3561 ob
1203 3503 1340 3562 formulae
1356 3504 1450 3562 ineer-

278 3593 427 3650 titudinem
445 3595 571 3651 omisisse
584 3596 702 3651 videtur.

368 3685 387 3750 1)
408 3687 452 3739 Ad
469 3689 592 3741 nostrum
610 3685 701 3741 locum
719 3684 836 3755 respicit
853 3703 880 3756 p.
894 3687 937 3754 96,
950 3686 993 3740 15.
1010 3686 1070 3753 110,
1083 3685 1108 3741 8.
1129 3685 1206 3750 1097,
1219 3683 1255 3739 48
1267 3682 1313 3752 (of.
1330 3682 1364 3739 ir.
1383 3684 1449 3751 975)

279 3773 362 3840 1176,
382 3775 584 3845 26.-0114,
608 3776 784 3830 Athenaeum
808 3774 855 3829 hio
879 3774 1048 3844 exscriptum
1072 3789 1132 3829 osse
1149 3777 1238 3842 putes.
1262 3773 1451 3843 (111610.)

278 3861 341 3917 Non
369 3864 466 3919 eadem
490 3866 625 3934 eontinet,
654 3866 704 3920 sed
728 3864 897 3920 Clitarchum
921 3858 1090 3933 θεράποντα
1113 3863 1268 3932 explicasse
1289 3862 1380 3918 tradit
1402 3862 1449 3931 (cf.

278 3951 357 4007 Eunt.
371 3969 397 4022 p.
412 3954 489 4022 1094,
501 3955 555 4025 47).
573 3985 609 3994 -
628 3953 667 4010 uf.
688 3954 762 4010 Suid.
776 3953 842 4008 Hes.
862 3954 929 4009 Lex.
950 3954 1062 4008 Baohm.
1081 3953 1143 4022 255,
1155 3953 1199 4007 23.
1217 3951 1263 4007 Et.
1277 3951 1315 4007 M.
1328 3951 1392 4018 446,
1405 3952 1450 4008 41.

324 4041 384 4096 394.
413 4043 542 4098 Fortasse
564 4044 658 4099 Aelii
680 4043 841 4114 Dionysii
865 4042 931 4109 iuit,
960 4042 995 4098 of.
1014 4043 1048 4098 fr.
1067 4043 1129 4098 217.
1146 4047 1203 4097 not.
1225 4042 1268 4097 13.
1300 4039 1452 4097 Simillima

280 4130 397 4186 tradidit
415 4132 571 4188 Herennius
589 4135 677 4200 Philo,
697 4132 732 4189 of.
751 4132 830 4187 Eust.
850 4150 877 4202 p.
897 4133 958 4202 907,
977 4133 1002 4187 4.

372 4222 391 4289 ¹)
409 4221 536 4277 Proxime
555 4224 664 4278 accedit
682 4224 748 4278 Hos.
761 4222 799 4292 gl.
812 4223 837 4277 2.
863 4224 908 4276 An
926 4227 1003 4277 recte
1021 4223 1076 4276 huo
1094 4219 1252 4276 referantur
1270 4220 1349 4276 Phot
1367 4219 1402 4276 B.
1414 4221 1450 4277 L

279 4309 341 4377 264,
359 4311 402 4366 26.
420 4312 510 4367 Sohol.
532 4313 608 4368 Dein.
627 4313 714 4367 Patm.
733 4313 762 4368 in
780 4313 854 4368 Bull.
874 4313 910 4367 de
930 4328 998 4367 corr.
1018 4311 1083 4366 hell.
1101 4327 1128 4380 p.
1149 4310 1209 4366 147.
1227 4309 1271 4366 nt.
1285 4309 1325 4367 M.
1338 4309 1402 4378 453,
1414 4308 1452 4366 30

280 4400 436 4471 ambigitur.
468 4401 578 4473 Ubique
597 4401 670 4456 enim
689 4397 777 4467 θάλος
795 4403 847 4458 illa
865 4401 1013 4471 praeclara
1026 4398 1208 4458 Atheniensis
1224 4403 1351 4470 apparet,
1371 4398 1452 4456 onius
