3000 5040
785 265 847 332 156

231 428 271 493 δὲ
298 428 453 514 λέγεται
480 430 537 494 καὶ
560 420 613 494 ὅτι
637 427 761 513 στέμμα
783 419 906 494 λευκὸν
933 427 990 492 καὶ
1018 433 1198 509 φοινικοῦν
1226 419 1398 514 ἀπήρτητο

229 543 292 602 τοῦ
314 540 447 602 θαλλοῦ
469 538 525 602 καὶ
548 526 601 603 ὅτι
623 527 830 621 προῦτίθετο
850 531 956 600 ἱκεσία
979 539 1029 620 τῷ
1046 525 1231 600 Ἀπόλλωνι
1253 526 1339 601 καθ’
1358 523 1399 620 ἣν

228 636 354 730 ἡμέραν
377 643 410 710 οἱ
428 647 506 731 περὶ
527 645 635 732 θησέα
659 651 813 731 σωθῆναι
837 644 985 722 δοκοῦσι,
1008 643 1065 706 καὶ
1087 633 1141 706 ὅτι
1162 637 1399 727 καταχύσματα

229 753 287 816 καὶ
309 748 429 818 κύλικα
453 752 549 819 οἰνου
572 752 779 838 κεκραμένην
797 750 1016 834 καταχέοντες
1035 742 1136 836 αὐτῆς
1159 746 1320 834 ἐπέλεγον
1337 742 1399 836 τὴν

202 854 393 946 ὅρηθεῑσαν
415 852 516 948 ιμ’δήν.

320 966 391 1034 158.
432 967 603 1033 Eustath.
628 990 657 1051 p.
684 964 783 1043 1158,
801 967 852 1031 39.
894 963 1007 1031 ἰστέον
1035 962 1071 1030 δὲ
1098 965 1156 1029 καὶ
1183 955 1237 1031 ὅτι
1264 962 1303 1030 ἐν
1329 977 1401 1043 τοῖς

229 1073 372 1141 Αἰλίου
400 1076 613 1141 Διονυσίου
641 1073 778 1160 φέρεται
805 1074 862 1138 καὶ
889 1064 936 1150 ώς
962 1062 1090 1138 Ἀττικὰ
1117 1071 1179 1156 μὲν
1206 1063 1247 1137 τὸ
1276 1067 1399 1158 εἶταῙ)

229 1183 286 1247 καὶ
304 1179 427 1247 ἔπειτα.
451 1174 491 1248 τὸ
511 1181 547 1248 δὲ
571 1176 668 1262 εἰτέν,
691 1196 824 1267 φησιν,
847 1181 904 1245 καὶ
927 1175 1058 1245 ἔπειτεν
1080 1171 1177 1244 Ἰακά.
1203 1174 1266 1259 (ἰώ,
1290 1195 1400 1266 φησι,

229 1289 286 1354 καὶ
306 1280 390 1375 παρ’
409 1281 577 1374 Ἡροδότῳ
586 1287 613 1375 ²)
636 1299 772 1353 κεῖνται.

190 1409 216 1449 1⁰
320 1395 392 1462 159.
423 1395 597 1461 Euetath.
615 1418 645 1480 p.
667 1395 761 1472 1401,
780 1395 831 1460 61.
864 1392 976 1460 ἰστέον
995 1392 1031 1459 δὲ
1051 1383 1103 1459 ὅτι
1126 1383 1165 1459 τὸ
1190 1390 1298 1480 (οὕτω
1319 1385 1401 1472 τοὺς

228 1509 395 1590 κρατῆρας
418 1500 674 1588 ἐπιστέφεσθαι)
698 1493 867 1568 ἀνάπαλιν
889 1507 952 1567 τοῦ
975 1498 1150 1584 ἐπιστέφαι
1173 1497 1400 1587 ἐκστέφαιῑ)

229 1603 248 1676 ὃ
272 1611 499 1686 Παυσανίας
526 1611 636 1696 φησίν.
679 1607 788 1674 έκεῖνο
815 1607 877 1692 μὲν
903 1603 965 1693 γάρ
990 1605 1060 1673 ἐστι
1081 1611 1257 1694 πληρώσαι
1278 1615 1400 1688 ποτοῦ,

228 1723 330 1781 τοῦτο
350 1716 386 1782 δὲ
406 1714 598 1781 ἐκκενώσαι.
624 1711 744 1803 ἐδήλου
768 1714 806 1781 δέ
828 1731 963 1802 φησιν,
987 1713 1147 1798 ἐκστέψαι
1169 1714 1226 1778 καί
1247 1705 1288 1780 τὸ
1313 1705 1399 1781 ἄπο-

228 1821 355 1889 θέσθαι
376 1845 419 1902 τι,
443 1821 480 1887 ἐκ
502 1831 694 1908 μεταφορᾶς
716 1830 787 1888 τών
810 1814 852 1888 τὰ
874 1820 1040 1906 στέμματα
1064 1812 1332 1906 ἀποτιθεμένων.

190 1942 216 1983 1⁵
320 1929 391 1993 160.
415 1929 586 1995 Eustath.
605 1952 634 2012 p.
655 1931 728 2007 897,
747 1931 798 1995 56.
822 1927 933 1995 ἰστέον
956 1927 992 1994 δὲ
1015 1921 1062 2006 ὡς
1084 1919 1126 1992 οὐ
1143 1923 1252 2012 μόνον
1275 1935 1401 2016 σφῆκες

228 2028 312 2120 ὑπὲρ
335 2035 467 2101 τέκνων
491 2028 677 2120 ἅμυντικοί,
701 2028 752 2102 διὸ
771 2037 830 2101 καὶ
846 2037 1009 2122 παροιμία
1031 2026 1071 2101 τὸ
1095 2036 1295 2122 ,,σφηκίαν
1319 2033 1399 2100 ἐκέ-

446 2136 460 2161 )Ι

228 2148 371 2228 νησας“
381 2142 406 2228 1)
426 2143 545 2230 (ηγουν
562 2138 688 2230 βλάβην
708 2138 906 2228 ἐκώμασας),
928 2133 1013 2207 ἀλλὰ
1031 2143 1089 2222 καί
1105 2141 1257 2226 μέλισσαι
1274 2133 1401 2226 ὁμοίως

228 2240 420 2333 ἀμύνονται.
463 2239 548 2316 ὅθεν
575 2249 904 2336 πεπαροιμιασμένον
935 2241 975 2314 τὸ
1005 2247 1059 2326 εἰς
1085 2250 1270 2333 μελίττας
1303 2245 1400 2314 ἐκώ-

227 2357 387 2442 μασαςί)
416 2355 453 2422 ἐκ
475 2362 547 2423 τών
573 2353 773 2443 παραδόξως
799 2355 1035 2441 κακουμένων,
1063 2347 1109 2433 ώς
1137 2372 1217 2442 φησι
1239 2357 1399 2422 Παυσα-

188 2462 327 2539 scolae·
361 2454 431 2530 ἀπὸ
461 2464 496 2530 δὲ
524 2471 595 2530 τών
623 2471 764 2551 σφηκῶν
788 2456 829 2530 σι’
851 2459 958 2548 μόνον
983 2463 1232 2550 σφηκίσκοιθ)
1256 2454 1399 2550 ἀριθμη-

228 2561 325 2635 τικὸν
353 2578 472 2658 σχῆμα,
506 2562 589 2636 ἀλλὰ
621 2573 678 2637 καὶ
705 2567 787 2652 ξύλα
813 2562 914 2656 μικρὰ
943 2569 988 2648 εἰς
1016 2561 1076 2652 ὀξὺ
1104 2568 1299 2657 συνηγμένα.
1342 2571 1400 2635 καί

230 2673 487 2765 σφηκώδεις4)
511 2673 545 2742 οἱ
566 2679 707 2764 λαγαροὶ
728 2689 799 2756 τοϊς
823 2673 951 2763 σώμασι
973 2678 1031 2742 καὶ
1054 2676 1308 2762 συνεζωσμένοι.

321 2785 391 2849 161.
424 2784 595 2851 Eustath.
613 2807 643 2869 p.
665 2786 812 2862 15324.
844 2776 884 2850 τό
913 2789 1047 2870 τρυπᾶν
1074 2785 1131 2849 καὶ
1158 2775 1200 2849 τὰ
1224 2781 1260 2865 ἐξ
1282 2775 1400 2864 αὐτοῦ,

229 2979 389 3049 conspirare
412 2979 587 3035 manifestum
611 2986 661 3036 eet.
689 2981 845 3052 Lycurgum
866 2981 969 3052 χρῆσιν
996 2983 1033 3036 ad
1056 2980 1175 3037 Cratetis
1202 2979 1293 3035 locum
1315 2995 1398 3052 prae·

229 3067 323 3122 buieee
341 3067 407 3122 inde
426 3067 563 3123 discimus.

274 3156 333 3211 158.
352 3157 375 3226 ¹.)
392 3157 459 3212 Lob.
478 3157 577 3229 Phryn.
599 3159 657 3214 124.
678 3152 753 3214 εἶτεν
771 3160 820 3214 καί
840 3153 952 3214 έπειτεν
971 3153 1097 3229 ἐσχάτως
1109 3153 1249 3231 βάρβαρα.
1271 3151 1335 3214 εἶτα
1347 3149 1400 3215 οὖν

229 3239 264 3298 σὺ
283 3246 333 3299 καί
352 3237 450 3300 έπειτα
468 3243 543 3316 λέγε.

317 3333 338 3400 ⁸)
357 3334 406 3388 IX.
425 3335 468 3389 83.
487 3335 529 3389 89.

272 3421 334 3476 159.
354 3423 375 3487 ²)
393 3423 458 3477 Hes.
478 3418 632 3493 ἐκστέψας·
652 3424 670 3494 †
689 3421 776 3495 λόγον
794 3421 953 3496 γυμνώσας.
973 3420 1144 3490 ἐκκενώσας.
1164 3419 1271 3480 acideo?
1290 3423 1326 3481 cf.
1337 3421 1397 3481 ἐπι-

229 3505 338 3580 στέψαι.
764 3536 766 3540 ·

272 3601 333 3656 160.
353 3601 373 3666 ¹)
394 3599 429 3656 cf.
448 3599 525 3655 Euat.
545 3602 624 3669 1058,
643 3603 685 3658 49.
705 3605 808 3660 Macar.
829 3605 889 3660 VII.
910 3604 952 3659 94.

318 3689 338 3757 ⁹)
355 3690 461 3746 Eodem
479 3690 559 3745 modo
579 3693 733 3760 explicatur
751 3709 768 3748 a
786 3694 852 3748 Zen.
865 3694 914 3748 ΙΙΙ.
928 3693 971 3748 53.
991 3692 1105 3762 Diogen.
1119 3694 1156 3748 Il.
1170 3693 1212 3749 54.
1231 3694 1303 3762 App.
1316 3693 1397 3748 Prov.

227 3778 262 3833 II.
283 3779 325 3834 al.
345 3778 420 3834 Suid.
439 3779 505 3834 Hes.
522 3777 556 3836 cf.
572 3779 671 3849 Hotop.
690 3780 720 3834 in
737 3781 815 3836 Neue
834 3782 949 3837 Jahrbb.
969 3782 1063 3852 Suppl.
1082 3782 1156 3838 XVI.
1175 3782 1235 3838 275.

316 3867 337 3936 ³)
356 3867 450 3925 Etiam
472 3870 523 3923 has
545 3884 627 3925 roceo
651 3885 685 3924 ex
708 3872 757 3924 att.
776 3871 879 3939 petitas
903 3887 964 3926 esee
983 3887 1096 3936 censeo,
1120 3887 1181 3928 cum
1200 3871 1296 3927 eodem
1315 3872 1397 3926 modo

228 3957 384 4027 explicatae
401 3960 519 4014 redeant
531 3975 574 4028 ap.
585 3959 725 4030 lexicogr,
741 3957 774 4014 cf.
790 3960 950 4029 σφηκίσκος
963 3977 1007 4030 ap.
1020 3961 1099 4016 Phot.
1113 3978 1133 4016 s.
1144 3979 1169 4016 r.
1181 3963 1299 4030 σφῆκες,
1318 3959 1396 4016 Suid.

228 4063 249 4100 o.
268 4064 293 4102 v.
312 4041 485 4116 σφηκώδεις,
509 4049 574 4104 Hes.
594 4049 771 4119 σφηκίσκους
788 4050 870 4118 (unde
893 4046 992 4121 μακρὰ
1014 4066 1064 4120 pro
1087 4037 1175 4121 μικριί
1196 4049 1294 4104 lexicis
1312 4047 1396 4104 resti-

227 4137 359 4190 tuendum
378 4140 429 4205 eet,
448 4136 482 4192 cf.
502 4140 552 4194 Ar.
570 4139 642 4193 Plut.
661 4140 732 4206 301.)
750 4140 795 4194 Et.
814 4141 853 4193 M.
874 4140 934 4207 738,
954 4142 995 4196 38.
1015 4139 1105 4196 Schol.
1125 4140 1173 4195 Ar.
1192 4139 1265 4194 Plut.
1284 4139 1345 4194 301.

316 4226 339 4291 ⁴)
358 4223 393 4279 cf.
412 4226 487 4281 Suid.
511 4229 530 4283 l.
548 4228 566 4281 l.
591 4228 669 4284 Phot.
689 4245 710 4283 a.
730 4246 754 4283 v.
774 4223 948 4298 σφηκώδεις,
973 4230 1037 4285 Hes.
1057 4229 1075 4283 1.
1095 4230 1126 4295 1.,
1145 4228 1190 4285 Et.
1208 4230 1246 4284 M.
1267 4229 1331 4291 738,
1350 4228 1394 4283 40.

227 4343 262 4352 -
280 4313 363 4381 Apud
380 4315 459 4370 Phot.
472 4315 516 4370 Et.
530 4318 567 4371 M.
582 4320 746 4387 σφηκῶσαι·
766 4313 798 4372 τὸ
812 4320 901 4386 δῆσαι.
926 4313 1065 4390 Φρύνιχος
1083 4307 1166 4373 οὕτω.
1185 4318 1323 4374 adnexum
1342 4319 1394 4386 eet,

229 4419 310 4472 quam
328 4406 447 4476 glossam
465 4406 647 4476 probabiliter
667 4423 701 4463 ex
720 4408 816 4463 codem
834 4407 910 4463 fonto
929 4407 1041 4464 fluxisse
1060 4409 1204 4476 concedes.
