3000 5040
680 261 741 330 131

122 427 220 514 δηλοῖ
235 425 293 491 καὶ
312 450 330 492 o
348 415 440 512 παρά
459 419 649 510 Μενάνδρῳ
669 424 720 512 (fr.
743 425 836 491 1002.
855 426 958 513 Koch)
976 425 1161 515 βο“ί’δης’)·
1186 415 1205 494 ό
1224 427 1294 496 ἐστι

120 538 240 622 πρᾷος,
264 525 398 620 εὐήθης,
419 523 505 599 καθ’
525 525 707 618 ὁμοιότητα
724 538 796 597 τῶν
815 525 985 617 ἀμνοκῶν,
1008 523 1028 600 ό
1047 533 1118 601 ἐστι
1136 541 1228 601 νοοῦν
1247 528 1294 613 ὡς

121 631 227 724 ἀμνδς
250 631 337 705 κατά
359 631 421 704 τὸν
440 635 600 723 κωμικόν.
625 635 879 724 παροιμιάζεται
899 640 934 705 δε
954 634 973 706 ὁ
991 645 1081 722 βοῦς,
1104 643 1161 706 καὶ
1179 634 1293 727 ὥσπερ

122 744 179 812 ἐπὶ
211 743 454 830 βουγλώσσων,
487 744 523 810 ἐν
555 751 604 830 τῳ
635 750 757 826 ,βοῦν
790 745 853 811 ἐπὶ
885 743 1062 834 γλώσσης
1088 748 1294 834 ῳέρεις“3),

123 843 215 917 οὕτω
239 843 325 917 κατά
348 854 594 933 Παυσανίαν,
622 853 680 917 καὶ
702 850 758 917 ἐπὶ
782 845 958 940 ἀχρηστίας
980 851 1017 919 ἐν
1040 861 1089 939 τῳ
1112 858 1229 935 ,βοῦς
1253 852 1294 919 ἐν
1321 872 1334 914 o

122 951 270 1044 αὐλείῳ
293 955 539 1045 κάθηται“4).

212 1065 265 1131 95.
307 1065 478 1130 Eustath.
505 1088 536 1148 p.
566 1065 665 1142 1395,
693 1067 746 1130 48.
790 1057 984 1150 ἀβρίκαλα
1014 1059 1106 1150 παρὰ
1138 1062 1294 1152 Αἰσχύλῳ

122 1168 275 1238 λεόντων
299 1173 443 1256 σκυμνία
467 1163 524 1254 [τά
548 1163 673 1258 δηλαδὴ
696 1174 752 1237 καὶ
781 1163 901 1258 όβριμα
929 1173 986 1236 καὶ
1013 1169 1125 1257 καλά].
1163 1169 1295 1258 ἕτεροι

123 1277 166 1344 δέ
174 1280 201 1367 ¹)
229 1295 347 1362 φασιν,
379 1269 432 1343 ότι
460 1301 497 1342 τε
525 1270 622 1363 όβρια
649 1280 707 1342 καί
734 1271 897 1364 ἀβρίκαλα
924 1275 1075 1344 λεόντων
1101 1281 1158 1344 καὶ
1181 1275 1296 1346 λύκων

123 1386 282 1470 σκυμνία,
319 1385 376 1449 καὶ
413 1373 466 1450 ότι
497 1385 677 1469 βρίκελοι
711 1377 765 1450 διά
799 1380 955 1471 διχρόνου
987 1377 1028 1450 τά
1059 1382 1294 1470 μορμολύκεια.
1310 1407 1336 1445 10

121 1492 388 1577 Παυσανίας3)
420 1490 537 1574 μέντοι
568 1492 646 1576 περὶ
677 1486 803 1556 τούτου
837 1492 953 1577 φησὶν,
985 1482 1039 1557 δτι
1069 1492 1232 1576 βρίκελα
1260 1491 1294 1576 (l.

122 1597 286 1684 βρίκελοι)
305 1607 504 1683 προσωπεῖα
522 1600 635 1682 βροτοῦ
654 1597 758 1678 ίκελα,
781 1590 802 1683 ἢ
825 1598 989 1684 βριξὶνθ)
1009 1597 1112 1663 ἰ’κελα.
1137 1589 1228 1662 οὕτω
1248 1597 1295 1678 δέ,

124 1719 259 1790 φησιν,
283 1700 399 1788 ἔλεγον
416 1696 496 1780 τοὺς
514 1699 710 1788 βαρβάρους.
744 1696 763 1769 δ
784 1696 817 1769 δ’
837 1695 956 1782 αὐτὸς
974 1706 1030 1769 καὶ
1052 1709 1296 1790 βριμοῦσθαι

123 1809 211 1894 λέγει
237 1802 278 1875 τδ
305 1806 388 1894 μετά
415 1833 508 1886 τινος
536 1803 672 1896 ἀπειλῆς
700 1809 866 1892 ἐκφοβεῖν.
899 1813 955 1875 καὶ
979 1811 1118 1889 Α’ίλιος
1146 1812 1182 1877 δὲ
1205 1812 1294 1877 Διο-

124 1911 262 1994 νύσιος
283 1918 460 2002 βριμοῦταί
482 1934 584 2003 φησιν
608 1909 684 1982 ἀντὶ
706 1925 769 1981 τοῦ
792 1911 967 2002 ἀπειλεϊ4).
1310 1937 1336 1977 15

214 2022 267 2088 96.
311 2022 483 2089 Eustath.
507 2047 536 2107 p.
560 2025 639 2101 919,
663 2025 715 2089 35.
756 2025 814 2088 καὶ
841 2015 894 2089 δτι
921 2019 1066 2108 βρόμος
1093 2026 1218 2110 κυρίως
1240 2023 1293 2090 ἐπὶ

126 2120 252 2212 ἀνέμου
270 2131 327 2194 καὶ
347 2127 402 2195 ἐπὶ
424 2122 542 2214 πυρὸς,
566 2122 623 2212 ἐφ’
642 2119 692 2194 cdv
716 2132 772 2195 καὶ
795 2122 835 2195 τδ
858 2129 991 2216 βρέμειν
1001 2132 1036 2218 ¹).
1069 2133 1297 2206 Παυσανίας

217 2341 239 2411 ²³)
259 2343 326 2397 (ium
345 2342 499 2397 Pausaniae
512 2341 698 2411 fragmentum
716 2342 791 2397 omni
810 2342 997 2412 explicatione
1011 2343 1173 2397 destitutum
1185 2343 1230 2411 sit,
1250 2344 1297 2398 vix

125 2431 269 2498 habemus,
285 2431 330 2485 cui
342 2434 466 2486 veterum
481 2431 637 2485 sententiae
649 2434 743 2485 nostra
755 2430 943 2486 adnectamus.
974 2431 1053 2485 Duae
1067 2431 1139 2485 enim
1153 2432 1296 2500 opiniones

125 2518 332 2589 praeferuntur:
352 2536 397 2589 ap.
412 2520 515 2574 Zenob.
530 2521 551 2588 l,
571 2520 623 2586 51,
644 2520 691 2588 qui
710 2520 791 2574 docet
808 2520 959 2589 παροιμία·
980 2516 1028 2575 ἐπὶ
1046 2523 1104 2573 τῶν
1122 2516 1160 2588 μὴ
1180 2518 1297 2589 δυναμέ-

124 2626 183 2663 νων
201 2603 464 2678 παρρησιάζεσθαι·
488 2601 551 2676 ἧτοι
570 2603 614 2662 διὰ
633 2603 666 2661 τδ
686 2599 803 2676 ἀφωνον
821 2611 873 2662 τοῦ
891 2603 974 2676 ζώου,
994 2601 1012 2675 ἢ
1033 2603 1077 2660 διά
1095 2604 1128 2661 τὸ
1147 2611 1205 2661 τῶν
1219 2603 1297 2677 λίβη-

125 2696 214 2750 ναίων
232 2692 264 2749 τδ
288 2690 416 2763 νόμισμα
435 2688 510 2765 ἔχειν
528 2699 600 2766 βοῦν
623 2691 882 2767 ἐγκεχαραγμένον.
910 2687 983 2767 ὅπερ
1007 2692 1128 2751 ἐκτίνειν
1152 2689 1209 2750 ἔδει
1231 2692 1298 2760 τοὺς

126 2783 202 2856 πέρα
230 2787 282 2840 τοῦ
309 2782 422 2849 δέοντος
450 2783 735 2856 παρρησιαζομένους
758 2785 792 2840 ci.
817 2786 892 2841 Suid.
915 2786 981 2840 Hes.
1005 2786 1104 2841 Altera
1132 2785 1224 2854 opinio
1251 2802 1295 2854 ap.

125 2873 195 2928 Poll.
215 2874 263 2928 lX.
283 2875 325 2928 61.
345 2873 380 2928 cf.
400 2873 516 2942 Diogen.
536 2875 585 2929 ΙΙΙ.
605 2875 648 2929 48.
671 2875 798 2929 Eustath.
819 2892 845 2944 p.
865 2876 931 2939 252,
950 2875 992 2928 25.
1016 2875 1106 2929 Schol.
1126 2875 1226 2929 Aesch.
1244 2875 1296 2943 Ag.

126 2964 170 3018 36.
190 2967 220 3017 et
236 2962 346 3017 Weckl.
366 2962 401 3018 ad
425 2963 443 3016 l.
463 2964 480 3017 l.
500 2963 631 3019 Leutsch.
656 2965 693 3018 ad
715 2963 840 3032 Apostol.
859 2964 892 3019 V.
913 2964 936 3016 7.
956 2963 1045 3018 Schol.
1069 2965 1107 3032 Φ,
1128 2964 1169 3017 79.
1192 2963 1237 3018 Et.
1257 2964 1295 3019 M.

125 3051 187 3116 320,
202 3052 248 3106 60.
268 3048 366 3106 Schol‘
378 3052 427 3106 Ar.
446 3054 497 3106 Av.
518 3053 595 3106 1106.

215 3141 238 3204 ⁴)
257 3139 291 3194 cf.
316 3140 382 3194 Hes.
407 3139 455 3208 qui
483 3140 590 3194 Cratini
618 3141 707 3196 locum
735 3140 820 3196 addit.
846 3140 920 3197 Suid.
944 3141 1060 3209 Diogen.
1084 3141 1133 3196 ΙΠ.
1158 3141 1200 3195 70.
1223 3142 1296 3212 App.

125 3228 205 3283 Prov.
225 3228 246 3283 Ι.
264 3229 307 3283 63.

171 3317 214 3371 95.
236 3317 257 3383 ¹)
276 3316 471 3387 Aristophanis
494 3318 623 3388 Byzantii
642 3322 718 3384 sunt,
743 3318 777 3374 cf.
798 3319 859 3373 Ael.
879 3319 943 3374 Nat.
962 3319 1028 3375 hist.
1047 3321 1108 3376 Vll.
1127 3320 1170 3374 47.
1189 3320 1297 3376 Nauck.

127 3405 174 3460 Ar.
187 3407 253 3475 Byr..
266 3423 293 3474 p.
308 3407 367 3461 112.
382 3408 441 3461 125.
462 3406 533 3461 Mill.
553 3408 618 3462 Mel.
638 3424 665 3477 p.
684 3409 746 3463 431.
765 3408 843 3463 Phot.
858 3409 922 3462 Hes.
942 3410 1076 3478 Apposui,
1097 3415 1126 3464 ut
1144 3410 1235 3464 altera
1249 3424 1297 3464 vo·

128 3493 167 3549 cis
186 3493 362 3564 significatio,
382 3494 494 3549 aliunde
513 3497 633 3550 nondum
653 3502 801 3565 comperta,
821 3503 963 3567 appareat.

218 3583 240 3653 ²)
260 3583 295 3639 cf.
308 3584 374 3638 Hes.
393 3585 522 3655 βρίκελοι
541 3581 569 3639 oi
587 3582 641 3652 μὲν
659 3581 726 3649 τοὺς
744 3580 898 3650 ίστοπόδας
917 3581 1045 3641 ἀπὸτοῦ
1062 3580 1169 3656 βάρους
1186 3587 1298 3639 καὶτοῦ

127 3665 222 3737 ξύλου.
243 3667 270 3726 oi
288 3669 320 3726 δὲ
335 3667 402 3737 τοὺς
415 3668 587 3744 βαρβάρους.
608 3674 755 3741 Δίδυμος
773 3679 810 3743 (p.
825 3676 867 3729 29.
881 3673 1015 3738 Schmidt)
1029 3671 1059 3727 δὲ
1077 3669 1113 3727 τά
1130 3669 1254 3744 τραγικὰ
1267 3673 1299 3741 β)

127 3754 271 3832 πρόσωπα
290 3757 369 3832 παρά
384 3761 514 3834 Κρατίνῳ
534 3758 565 3817 ἐν
577 3763 726 3832 Σεριφίοις
744 3755 806 3817 οῖον
823 3765 919 3834 βροτῷ
934 3756 1046 3815 είκελοι.
1074 3762 1118 3814 Ex
1130 3762 1174 3816 Et.
1188 3779 1223 3816 m.
1237 3761 1298 3829 213,

127 3850 170 3903 39.
194 3849 364 3905 Schmidtius
388 3855 465 3905 recte
488 3847 651 3922 βαρβαρικά
674 3846 817 3920 πρόσωπα
845 3850 950 3915 effecit,
979 3848 1014 3904 ci.
1035 3849 1104 3902 Mill.
1124 3849 1190 3903 Mel.
1209 3866 1236 3918 p.
1256 3851 1298 3903 71.

128 3937 216 4006 Koch,
236 3939 309 3994 Com.
328 3941 351 3995 I.
370 3956 397 4008 p.
417 3941 478 3995 205.
506 3940 577 3995 Vide
597 3955 666 4008 quae
685 3941 722 3994 M.
742 3939 874 3994 Schmidt.
893 3940 911 3992 l.
931 3940 950 3993 l.
969 3939 1048 3991 docte
1067 3937 1203 4006 exposuit.

216 4026 238 4090 8)
258 4027 293 4082 cf.
312 4028 379 4083 Hes.
399 4045 420 4084 s.
440 4047 464 4083 v.
486 4029 597 4099 Βρίγες.
617 4028 661 4082 Et.
681 4030 718 4082 M.
737 4027 757 4082 l.
775 4029 794 4082 l.

216 4117 239 4183 ⁴)
258 4117 413 4172 Pausaniae
432 4117 557 4172 doctrina
575 4133 709 4184 nusquam
727 4117 854 4171 recurrit.
883 4115 981 4171 Suidas
1001 4114 1161 4184 compilavit
1179 4118 1212 4170 A.
1233 4114 1298 4169 Dio·

127 4205 244 4275 nysium.
269 4204 378 4260 Similia
396 4207 462 4261 Hes.
481 4223 502 4260 s.
521 4223 545 4260 v.
565 4207 596 4259 B.
616 4207 649 4259 A.
670 4207 712 4270 30,
732 4207 775 4259 31.

173 4294 217 4348 96.
236 4295 258 4361 ¹)
276 4294 399 4348 Primam
417 4296 544 4364 glossam,
565 4309 681 4363 eamque
700 4293 808 4362 vulgari
825 4294 888 4349 usui
906 4295 1055 4360 addictam,
1075 4310 1111 4348 ex
1124 4295 1169 4348 Et.
1184 4294 1221 4347 M.
1238 4293 1299 4358 214,

129 4382 165 4437 36
182 4381 355 4452 Diogeniano
380 4384 477 4439 deberi
500 4384 598 4439 disces.
626 4383 705 4438 Unde
730 4384 765 4438 ab
784 4383 909 4439 atticista
927 4386 964 4438 ad
982 4383 1155 4438 tritissimam
1178 4382 1299 4451 explica-

1049 4472 1087 4528 9*
