3000 5040
804 263 867 331 182

336 426 410 490 227.
444 424 615 490 Eusiath.
643 447 673 508 p.
695 424 789 500 1835,
807 424 860 490 43.
894 424 1013 509 κριθαὶ
1031 425 1089 490 καὶ
1106 418 1291 511 κάχρυςῑ)
1317 424 1428 490 δισυλ-

248 529 359 613 λάβως
390 533 447 596 καὶ
479 529 705 615 ἐκτεταμένως
738 528 893 615 ἐλέγοντο
926 521 1012 596 κατὰ
1040 529 1182 597 Αἴλιον
1208 526 1428 597 Διονύσιον

249 644 416 725 θηλυκῶς.
455 629 540 703 ὅθεν
568 640 625 703 καὶ
652 637 985 726 κατακαχρῦσαι’)
1013 629 1106 724 παρὰ
1134 637 1346 726 Παυσανίᾳ
1371 659 1427 721 με,-

249 751 441 830 ταφορικοὸς
463 736 503 809 τὸ
526 741 736 829 καταφρύξαι
759 746 817 809 καὶ
842 755 1029 829 συντρῖψαι.

222 874 234 911 5
338 853 411 917 228.
435 852 606 916 Eustth.
624 874 654 935 p.
675 851 748 927 884,
770 852 818 916 16.
846 858 958 937 χρῆσις
978 850 1014 916 δὲ
1032 858 1103 916 τῶν
1121 845 1316 917 κελεόντοον
1334 847 1426 936 παρά

247 982 283 1024 τε
309 953 422 1036 ἄλλοις
444 959 501 1023 καὶ
523 949 615 1042 παρὰ
638 957 860 1045 Παυσανίᾳ,
885 948 922 1034 ὅς
945 975 1057 1044 φησιν,
1081 950 1135 1024 ὅτι
1157 954 1370 1035 καλέοντες
1394 954 1427 1023 οἴ

249 1061 426 1142 ἴστοτιόδες
448 1067 506 1130 καὶ
527 1055 570 1130 τὰ
589 1055 694 1130 λεπτὰ
713 1066 770 1130 καὶ
787 1065 951 1151 τιηνοειδῆ
968 1071 1040 1130 τῶν
1059 1060 1179 1146 ξύλων.
1204 1063 1294 1150 λέγει
1314 1063 1351 1130 δὲ
1369 1065 1426 1130 καὶ

249 1171 386 1249 Αἴλιος
408 1168 633 1251 Διονύσιος,
657 1162 710 1236 ὅτι
728 1171 902 1248 καλέοντες
921 1169 954 1237 οἴ
973 1165 1150 1249 ἴστοπόιῖες
1168 1172 1226 1236 καὶ
1245 1166 1361 1237 πάντα
1383 1162 1425 1236 τὰ

248 1271 358 1365 μακρὰ
382 1273 463 1360 ξύλα
474 1282 508 1363 ¹).

210 1407 236 1446 10
339 1387 412 1450 229.
444 1385 615 1450 Eusiath.
635 1407 664 1468 p.
686 1385 780 1462 1392,
802 1385 850 1452 18.
883 1386 1112 1462 Παυσανίας
1129 1389 1213 1470 γοῦν
1235 1401 1350 1472 φησιν,
1373 1375 1426 1451 ὅτι

249 1491 426 1578 κέσκοςῑ)
455 1487 552 1577 λιμήν
579 1514 662 1567 που,
694 1491 723 1576 ᾧ
755 1486 956 1577 παράκειται
984 1483 1137 1576 ποταμὸς
1164 1494 1271 1568 Νοῦς
1302 1488 1425 1558 καλού-

248 1621 356 1683 μενος.

339 1706 412 1770 230.
445 1705 617 1771 Eustath.
636 1728 665 1789 p.
685 1705 760 1782 907,
779 1706 830 1771 36.
863 1696 1075 1790 φυταλιάῑ)
1095 1703 1132 1771 δὲ
1150 1696 1237 1771 κατὰ
1259 1697 1341 1784 τοὺς
1363 1729 1425 1772 οια-

249 1804 364 1888 λαιοὺς
384 1813 511 1896 χωρίον
535 1808 774 1897 δενδρόφυτον,
799 1801 906 1898 οὗπερ
930 1804 1099 1878 ἀνάπαλιν
1122 1805 1252 1898 ἄρουρα
1274 1805 1295 1900 ἡ
1318 1804 1426 1900 γυμνὴ

211 1943 236 1982 ιι
251 1926 369 2002 φυτῶν
397 1911 525 2002 ἄροσις,
554 1917 667 1984 εἴτουν
694 1915 784 2004 ψιλή.
827 1917 863 1996 ἐξ
884 1907 922 2006 ἧς
946 1911 986 2007 δὴ
1009 1919 1131 2000 λέξεως
1153 1920 1211 1985 καὶ
1232 1919 1427 2004 ψιλῑταιῖ)

251 2024 283 2091 οἴ
307 2024 343 2091 ἐν
366 2021 451 2110 μάχῃ
474 2032 649 2111 γυμνῆτες,
676 2028 733 2091 καὶ
760 2027 991 2109 ψιλῖζεσθαι
1018 2018 1059 2091 τὸ
1087 2031 1289 2110 ψιλοῦσθαι,
1319 2021 1367 2105 ὡς
1390 2024 1427 2092 ἐν

250 2129 448 2218 ῥητορικῷ
472 2123 606 2218 εὕρηται
633 2137 785 2218 λεξικρὸ.
824 2132 954 2218 λέγεται
982 2133 1018 2198 δὲ
1045 2133 1103 2198 καὶ
1130 2133 1293 2220 κῆποςθ)
1322 2127 1344 2220 ἦ
1371 2129 1427 2220 ῥη-

250 2245 349 2305 θεῖσα
373 2235 527 2321 φυταλιά.
551 2233 729 2324 ὁμώνυμος
752 2240 788 2305 δὲ
811 2240 868 2304 καὶ
890 2232 910 2326 ἦ
934 2239 1020 2320 λέξις
1039 2230 1135 2326 αὕτη·
1165 2245 1274 2326 κῆπος
1296 2231 1361 2325 γὰρ
1385 2231 1429 2304 οὗ
1453 2295 1456 2299 ,

249 2341 357 2430 μόνον
380 2338 541 2429 φυταλιὰ,
570 2338 653 2410 α’λλά
681 2347 738 2410 καὶ
766 2337 1003 2430 καλλωπισμὸς
1030 2341 1148 2434 κόμης,
1175 2336 1255 2411 κατ’
1278 2344 1428 2412 Αἴλιον

209 2475 236 2515 oo
250 2448 476 2534 Διονύσιον,
495 2455 550 2519 καὶ
569 2460 694 2538 κουρᾶς
714 2448 864 2530 διάθεσις
881 2460 953 2519 τῶν
972 2450 1009 2518 ἐν
1027 2456 1157 2536 κεφαλῇ
1174 2456 1308 2538 τριχῶν.
1342 2452 1429 2518 Θου·
1452 2523 1457 2529 ,

250 2655 567 2662 ...α-...Ἥ

295 2795 355 2849 227.
375 2796 396 2857 ¹)
417 2793 456 2848 cf.
480 2793 558 2848 Phot.
582 2792 656 2849 Suid.
681 2792 747 2846 Hos,
772 2809 793 2846 s.
817 2810 839 2846 v.
865 2791 1031 2863 καχρνόῖαιν.
1056 2790 1145 2848 Sohol.
1169 2793 1217 2846 Ar.
1238 2791 1322 2860 Vosp.
1348 2793 1429 2848 1306.

250 2882 322 2938 Nub.
343 2883 421 2938 1358.
441 2883 527 2937 Moer.
547 2899 573 2950 p.
593 2883 655 2950 200,
674 2882 717 2936 28.
736 2881 780 2934 Et.
801 2881 839 2935 M.
858 2881 919 2946 495,
940 2883 981 2936 10.
1002 2881 1069 2937 Luc.
1088 2879 1206 2950 Loxiph.
1227 2895 1288 2950 cop.
1306 2880 1334 2935 2.

343 2971 363 3038 ⁹)
382 2971 467 3025 Conv.
487 2970 565 3024 Phot.
585 2971 621 3039 gl.
642 2972 666 3024 1.
685 3000 720 3010 —
740 2970 807 3024 Cum
830 2969 920 3024 altero
942 2969 1035 3024 Photii
1058 2969 1149 3039 glossa
1172 2968 1260 3039 priori
1282 2967 1431 3024 simillimo

252 3060 417 3115 conveniunt
435 3047 509 3113 Soid.
530 3058 605 3126 Hes„
624 3059 659 3114 of.
680 3059 746 3114 Hes.
766 3075 788 3112 o.
808 3075 832 3112 v.
852 3053 1001 3129 καχρύσο,
1022 3053 1200 3129 ἐκκαχρύαω.

296 3149 357 3202 228.
379 3150 399 3213 1)
417 3147 571 3214 Utrumque
595 3147 747 3202 otti0istom
770 3163 826 3201 uno
850 3164 910 3202 oum
935 3148 1070 3216 Harpocr.
1089 3163 1174 3202 unum
1198 3145 1304 3201 fontem
1322 3145 1430 3203 odiiooo

251 3236 428 3306 perspicuum
447 3241 498 3290 ost.
517 3266 552 3274 -
571 3235 704 3304 Harpoor.
725 3235 850 3303 sequitur
870 3237 947 3290 Phot.
968 3235 1004 3305 gl.
1020 3239 1044 3291 1.
1064 3234 1138 3291 Suid.
1157 3233 1322 3305 Dionysium
1340 3235 1431 3291 habos

251 3343 296 3395 op.
316 3326 393 3379 Phot.
414 3325 449 3393 gl.
469 3326 494 3379 2.
514 3325 579 3379 Hes.
598 3325 728 3378 Fortasse
747 3339 791 3392 op.
811 3325 855 3379 Et.
875 3326 913 3378 M.
933 3325 993 3390 502,
1015 3327 1056 3379 11.
1074 3327 1119 3394 (--
1137 3325 1181 3378 Et.
1202 3323 1272 3379 Gud.
1292 3324 1356 3387 313,
1375 3325 1430 3391 57).

251 3415 283 3468 Β.
302 3415 335 3467 A.
355 3415 415 3481 271,
437 3415 478 3468 17.
498 3413 542 3467 Et.
562 3415 599 3468 M.
619 3415 680 3480 502,
702 3415 742 3468 13.
763 3412 798 3467 cf.
819 3413 886 3467 Poll.
906 3414 967 3468 VII.
987 3415 1030 3468 36.

296 3503 357 3557 229.
379 3503 399 3571 ¹)
419 3503 499 3556 Oonv.
513 3503 591 3556 Phot.
606 3503 680 3556 Suid.
694 3503 759 3557 Hes.
772 3531 808 3541 —-
828 3501 1006 3556 Proverbium
1024 3502 1090 3557 indo
1108 3505 1230 3557 tractum
1248 3496 1358 3556 κέσκον
1374 3497 1430 3556 οσκ

253 3586 338 3662 ἔχεις,
365 3590 399 3645 ο1.
419 3591 521 3645 Zenob.
541 3592 588 3646 IV.
607 3592 649 3645 51.
670 3591 745 3660 (Ood.
766 3590 794 3644 C.
814 3589 914 3644 iterum
932 3591 1016 3659 plane
1040 3590 1169 3645 convenit
1193 3605 1255 3645 oum
1278 3587 1429 3657 Pausania)

251 3681 330 3748 Diog.
350 3681 383 3735 V.
403 3682 446 3735 52.
466 3680 536 3734 PIin.
556 3680 658 3733 XXXI.
678 3680 703 3746 2,
724 3680 766 3734 15.

295 3771 355 3824 230.
376 3771 397 3834 ¹)
418 3769 457 3823 Of.
478 3770 538 3836 636,
559 3770 600 3822 17.
623 3769 700 3833 1202,
719 3769 761 3822 58.
782 3767 856 3822 Suid.
877 3769 943 3822 Hos.
963 3767 1030 3822 Lex.
1049 3767 1163 3823 Baohm.
1182 3767 1242 3832 411,
1261 3767 1289 3821 5.

341 3858 363 3923 ²)
383 3857 422 3911 Cf.
443 3858 521 3920 1222,
541 3858 583 3912 53.
603 3857 668 3910 Hes.
690 3873 711 3910 s,
730 3874 754 3909 v.
774 3851 883 3925 ψιλούς.
904 3857 938 3911 of.
958 3857 1047 3912 Schol.
1068 3856 1153 3911 Thuo.
1172 3856 1194 3910 Ι.
1214 3855 1257 3910 60.

339 3946 362 4011 ⁸)
382 3945 421 4000 Of.
442 3947 520 4013 1292,
540 3947 583 4000 62.
611 3946 694 4014 Apud
713 3947 791 4000 Phot.
811 3948 941 4013 quattuor
959 3946 1076 4014 glossae.
1104 3944 1197 3998 Primo
1219 3946 1264 4010 (=
1282 3942 1370 4010 Suid.)
1391 3959 1429 3998 ox

252 4035 338 4102 Harp.
368 4035 467 4088 Altera
485 4050 520 4088 ex
538 4034 599 4088 AeI.
618 4034 698 4088 Dion.
719 4033 807 4088 fluxit.
828 4034 909 4088 Oonv.
929 4034 1002 4089 Suid.
1022 4034 1058 4102 gl.
1077 4035 1102 4087 2.
1122 4033 1211 4088 Schol.
1225 4033 1274 4087 Ar.
1294 4032 1346 4088 Av.
1364 4033 1427 4088 806.

252 4123 341 4177 Sohol.
360 4124 427 4176 Luc.
447 4122 563 4192 Loxiph.
583 4124 608 4177 5.
628 4123 695 4176 Poll.
709 4124 744 4177 II.
760 4125 802 4178 29.
817 4124 865 4176 ΙΧ.
887 4124 928 4177 13.
948 4123 1037 4178 Schol.
1050 4123 1115 4176 Eur.
1129 4121 1191 4175 Tro.
1207 4121 1284 4177 1165.
1304 4137 1339 4161 -’-
1357 4120 1427 4176 Tor·

251 4211 293 4266 tio
311 4211 492 4281 Aristophani
510 4214 575 4283 Byz.
595 4212 720 4280 debetur,
741 4211 775 4266 of.
796 4212 870 4266 Suid.
889 4227 910 4265 o.
930 4205 1068 4280 μυσάχνη.
1088 4210 1216 4265 Eustath.
1235 4225 1262 4279 p.
1284 4211 1363 4276 1921,
1381 4210 1426 4276 63,

251 4301 358 4358 Nauck.
377 4318 403 4370 p.
425 4301 483 4355 168.
503 4301 534 4354 L.
555 4301 631 4354 Gohn
649 4300 678 4356 in
697 4302 775 4357 Nouo
794 4301 910 4356 Jahrbb.
930 4301 992 4354 XII.
1011 4316 1037 4369 p.
1056 4301 1117 4354 329.
1137 4299 1270 4368 Quartam
1288 4298 1359 4354 Ναὶ).
1372 4297 1426 4353 ito·

251 4406 312 4445 rum
330 4389 366 4445 ad
385 4389 446 4445 Ael.
466 4389 545 4444 DIon.
561 4390 679 4446 rettulit.
698 4421 734 4430 —-
753 4391 821 4445 Tros
840 4388 952 4444 ultimas
971 4389 1036 4478 Ηορ.
1055 4389 1086 4442 in
1104 4387 1161 4443 suis
1181 4386 1388 4457 conglutInovit.
