3000 5040
762 259 806 322 90

199 419 237 485 οἱ
259 420 437 487 παλαιοὶ·
463 410 638 502 άγκαλίδες
648 418 673 502 ¹)
697 410 849 502 άγκάλαι,
872 414 1005 484 κόλποι.
1028 418 1127 504 δηλοῖ
1143 420 1191 501 δέ,
1215 437 1330 502 φασιν,
1343 414 1369 508 η

198 527 284 606 λέξις
320 527 377 591 καὶ
409 520 592 610 φρυγάνων
630 516 783 608 δεσμοὺς,
817 516 902 591 ὅθεν
935 518 1280 611 άγκαλιδαγωγεῑν
1317 532 1370 594 καὶ

199 627 412 717 ἀγκαλίδας
431 631 559 718 αίρειν
579 623 656 695 άντὶ
674 638 736 696 τοῦ
751 627 832 712 ξύλα
841 632 877 716 1).
898 628 1081 718 ῥηθήσεται
1102 632 1140 697 δέ
1156 656 1190 698 τι
1208 636 1288 721 περὶ
1306 657 1369 701 τοι-

198 737 311 805 ούτων
333 740 389 803 καὶ
408 737 444 804 ἐν
463 752 533 815 τοῖς
551 730 637 802 κατὰ
656 730 718 824 τὴν
736 731 958 825 Ἀνδρομάχην
977 739 997 803 i.
1016 761 1041 804 o.
1061 762 1091 822 p.
1113 739 1212 817 1283,
1231 742 1295 819 41,
1316 743 1371 807 nbi

171 858 183 898 ⁵
197 848 276 912 haec
288 846 451 929 leguntur:
471 841 682 932 ἐμνήσθημεν
698 845 736 910 δέ
747 867 816 910 που
835 846 892 910 καὶ
906 836 973 931 πρὸ
987 841 1114 912 τούτου
1128 839 1370 931 άγκαλίδων,

198 953 233 1035 ἐξ
250 942 300 1018 οδν
315 946 356 1018 ού
370 947 478 1036 μόνον
494 950 537 1032 οί,
556 944 602 1029 ὡς
617 951 688 1017 ἐκεῖ
699 947 836 1038 ἐγράφη,
856 944 1191 1037 άγκαλιδαγωγοὶ,
1211 947 1299 1020 άλλδι
1316 958 1371 1021 καὶ

198 1054 540 1144 άγκαλιδαγωγεῑν
562 1053 662 1124 κατὰ
682 1059 915 1124 Παυσανίαν
938 1050 978 1125 τὸ
1002 1051 1184 1144 ἀγκαλίδας
1203 1055 1298 1147 ἄγειν
1317 1061 1371 1128 ἐπὶ

197 1174 332 1253 κτηνῶν
349 1158 370 1251 ἢ
389 1167 523 1246 πλοίου,
546 1157 610 1230 ούκ
629 1157 734 1230 αύτόν
753 1163 912 1250 φέροντα.
935 1173 1038 1232 τοῦτο
1057 1159 1120 1252 γὰρ
1144 1160 1369 1252 άγκαλιδοφο-

196 1285 278 1359 ρεῑν,
301 1263 387 1338 άίστε
411 1263 593 1355 ὁμώνυμον
616 1272 673 1335 καὶ
695 1263 715 1357 ἦ
740 1264 890 1356 άγκαλλς,
914 1264 955 1337 ού
976 1268 1084 1357 μόνον
1104 1266 1290 1362 Ὁμηρικῶς
1317 1269 1368 1360 άγ-

159 1392 184 1429 10
197 1376 304 1467 κάλην
328 1379 474 1465 δηλοῦσα
497 1369 580 1442 άλλά
605 1378 660 1442 καί
686 1369 809 1462 δεσμὸν
832 1375 943 1459 ξύλων
965 1370 986 1464 ἢ
1009 1375 1179 1445 τοιούτων
1201 1389 1318 1448 τινῶν.

288 1488 361 1551 lla.
398 1484 573 1550 Eustath.
597 1507 626 1567 p.
652 1484 751 1561 1579,
775 1483 827 1549 25.
864 1486 921 1549 καὶ
953 1475 1017 1570 δρα
1047 1477 1088 1551 τὸ
1122 1478 1289 1575 άληθείην
1312 1481 1369 1573 άμ-

197 1589 345 1675 φιβόλως
369 1587 461 1674 ἕχον,
490 1589 555 1655 είτε
584 1581 652 1656 άπὸ
681 1587 987 1676 αροπαροξυτόνοο
1010 1599 1072 1657 τοῦ
1096 1584 1278 1679 ἀλήθειαν,
1306 1593 1369 1660 είτε

197 1692 265 1765 άπὸ
288 1693 526 1783 ααροξυτόνου
549 1704 611 1762 τοῦ
636 1689 800 1783 άληθείαν
823 1697 960 1782 γέγονεν
979 1691 1143 1776 Ἰωνικῶς.
1168 1696 1203 1764 οἱ
1219 1691 1285 1786 γάρ
1307 1723 1369 1765 αα-

124 1850 128 1857 -
196 1808 286 1872 λαιοὶ
308 1797 449 1871 Ἀττικοὶ
481 1794 568 1871 κατὰ
596 1802 737 1868 Αίλιον
766 1799 979 1869 Διονύσιον
1012 1803 1179 1885 ἐξίτεινον
1211 1798 1274 1884 τάς
1300 1815 1369 1873 τῶν

157 1922 182 1962 1⁵
197 1907 364 1978 τοιούτων
393 1902 573 1995 ὀνομάτων
601 1905 772 1996 ληγούσας.
811 1902 864 1976 διὸ
892 1912 950 1975 καὶ
976 1908 1183 1996 παρώξυναν
1212 1905 1313 1980 αύτά·
1348 1907 1368 2001 ἦ

197 2011 376 2103 άγνοία1)
394 2013 468 2100 γάρ,
489 2033 600 2104 φησιν,
625 2012 741 2101 ἔλεγον
759 2018 816 2082 καὶ
835 2010 855 2104 ἡ
876 2009 1071 2104 εύκλεία1)
1090 2011 1186 2105 καὶὴ
1207 2016 1368 2107 ἱερεία1)

197 2127 254 2189 καὶ
269 2116 289 2210 ἡ
305 2116 487 2189 άναιδεία
503 2123 540 2188 δέ
553 2140 634 2210 φησι
648 2125 706 2187 καὶ
719 2117 739 2210 ἡ
753 2125 936 2208 τρονοία.
961 2112 1011 2189 οδν
1024 2113 1167 2190 πάντων
1182 2123 1368 2195 ἐκτείνεται

198 2231 260 2316 μὲν
278 2222 299 2317 ίγ
317 2229 503 2309 τελευταία,
521 2221 541 2315 ἦ
562 2229 598 2295 δὲ
615 2221 683 2315 πρὸ
704 2220 805 2317 αὐτῆς
820 2221 982 2311 ὀξύνεται.
998 2224 1237 2319 Ἀριστοφάνης
1252 2235 1368 2299 Δαιτα-

197 2343 310 2404 λεῦσιν
334 2337 386 2423 (fr.
407 2336 480 2400 226.
499 2336 603 2422 Kock)

157 2455 184 2494 2⁰
358 2430 408 2508 ὦν
431 2444 577 2528 προνοία
597 2434 780 2508 κάναιδεία.

289 2551 337 2615 12.
375 2549 548 2615 Eusteth.
572 2571 602 2632 p.
628 2550 726 2629 1638,
754 2551 802 2616 11.
841 2552 922 2636 φησὶ
948 2556 1032 2635 γοῦν
1059 2550 1200 2629 Αἴλιος
1232 2549 1368 2620 Διονύ-

198 2674 293 2735 σιος·
323 2650 481 2742 άγνονῙ)
506 2648 689 2742 άρσενικοῦς
713 2647 754 2720 ού
777 2651 880 2739 λύγον
904 2662 1067 2723 καλοῦσιν
1085 2650 1237 2724 Ἀττικοί.
1274 2660 1370 2747 φέρει

241 2871 283 2924 11.
304 2869 324 2939 1)
343 2867 443 2924 Fusius
462 2869 603 2925 atticistae
622 2866 749 2923 doctrina
766 2868 907 2936 repetitur
925 2869 1009 2939 (unde
1034 2869 1162 2927 conicere
1181 2871 1265 2942 licet,
1287 2873 1368 2929 Pano.

197 2958 282 3014 etiam
301 2959 335 3014 do
354 2952 593 3030 άγκαλιδοφόροις
611 2959 661 3012 καλ
679 2953 926 3028 άγκαλιδοπαίλαις
949 2973 983 3014 ac
1002 2959 1037 3014 de
1054 2955 1266 3030 άγκαλίζεσθαι
1284 2962 1369 3018 serbo

196 3048 297 3115 egisse)
320 3049 351 3103 B.
371 3048 403 3103 A.
424 3047 488 3114 337,
509 3047 556 3115 19,
579 3047 609 3100 in
632 3047 716 3101 breve
741 3049 885 3102 contracta
902 3046 947 3101 Et.
967 3048 1007 3102 M.
1028 3050 1070 3111 11,
1089 3049 1137 3114 42,
1168 3064 1242 3118 qnae
1260 3050 1369 3120 glossae

196 3135 315 3191 invicem
334 3134 513 3205 corrigendae
532 3139 603 3190 sunt.
632 3134 747 3204 Singula
765 3134 957 3191 inveniuntur:
977 3132 1208 3207 ἄγκαλιδαγωγοί
1221 3136 1300 3204 Hes..
1319 3135 1368 3209 δγ-

196 3223 362 3288 xo1lrier=
383 3218 535 3294 φρυγάνων
554 3223 655 3290 δεσμοί
673 3223 740 3278 Hes.
759 3223 804 3277 Et.
823 3224 861 3278 Μ.
882 3226 929 3292 12,
950 3226 991 3280 13.
1010 3231 1040 3280 et
1057 3224 1132 3280 Suid.
1151 3225 1182 3279 Β.
1203 3227 1237 3280 A.
1256 3226 1324 3293 327,
1341 3227 1367 3282 8.

195 3312 263 3368 Poll.
283 3313 343 3368 v11.
365 3313 424 3367 109.
444 3311 478 3366 cf.
497 3311 593 3366 Naber
611 3311 683 3366 Prol.
697 3313 757 3367 138.

285 3401 307 3470 1)
326 3402 402 3471 Quae
421 3401 506 3455 verba
525 3406 657 3470 corrupta
676 3405 704 3455 et
723 3402 873 3456 secundum
893 3402 959 3457 Hos.
978 3403 1010 3456 B.
1030 3404 1062 3456 A.
1081 3402 1143 3471 327,
1163 3403 1188 3458 8.
1211 3397 1368 3472 dysentiricis

196 3484 299 3545 ἕλκειν.
319 3484 410 3561 αίρειν
429 3485 499 3554 ξύλα
517 3489 691 3544 restituenda
710 3493 782 3544 sunt.
892 3493 957 3545 lla.
976 3493 998 3554 1)
1017 3491 1098 3546 Oons.
1112 3492 1144 3546 Β.
1158 3492 1192 3546 Δ.
1205 3491 1269 3560 324,
1289 3493 1332 3549 16.

285 3578 306 3648 1)
326 3578 407 3633 Oonv.
424 3577 503 3632 Phot.
516 3576 551 3632 cf.
565 3577 609 3632 Et.
624 3578 662 3632 M.
676 3578 737 3644 462,
753 3580 778 3634 3.
792 3579 927 3634 Schmidt.
946 3579 1008 3634 Did.
1027 3595 1054 3648 p.
1073 3580 1116 3634 56.
1128 3579 1200 3635 Nab.
1212 3579 1287 3635 Prol.
1306 3580 1366 3637 131.

285 3667 306 3737 1)
325 3665 457 3723 Schmidt.
476 3666 494 3720 l.
515 3667 533 3720 l.
552 3666 747 3722 Eratosthenis
772 3666 926 3722 doctrinam
950 3668 984 3722 ab
1003 3667 1065 3722 Ael.
1087 3668 1120 3723 D.
1138 3668 1231 3737 repeti
1249 3668 1366 3725 censuit

195 3757 248 3811 Per
266 3756 444 3828 Tryphonem
461 3756 534 3810 hauc
554 3754 707 3810 doctrinam
726 3755 762 3810 ad
780 3755 934 3810 atticistam
952 3755 1112 3826 pervenisse
1129 3760 1205 3825 puto.

240 3847 282 3900 12.
303 3846 323 3916 1)
343 3843 477 3901 Convenit
495 3843 598 3900 suidas
617 3844 756 3911 doctrina,
780 3845 831 3900 sed
849 3844 969 3911 auctior,
995 3861 1055 3900 cum
1074 3843 1217 3899 chionidis
1241 3844 1366 3901 testimo·

195 3934 241 3989 nio
260 3940 359 3990 ornata
377 3933 415 3990 sit
432 3933 630 4006 (11.2Κοι1),
650 3935 722 4004 quod
741 3933 804 3989 ideo
822 3933 955 3990 atticistis
973 3933 1073 4003 tribuo,
1092 3933 1165 4002 quod
1183 3932 1258 3989 inter
1277 3933 1365 4005 expli·

195 4023 332 4078 sationem
355 4027 384 4078 et
401 4023 526 4078 Platonis
551 4024 641 4078 locum
664 4023 799 4079 adfertur.
835 4023 1060 4094 Explicationem
1078 4020 1295 4079 Eustathianam
1312 4038 1367 4079 non

195 4111 287 4166 omnia
305 4111 475 4183 Dionysiana
493 4114 636 4182 adhibere,
656 4115 707 4168 sed
720 4112 882 4169 lacunosam
896 4129 967 4180 esse,
985 4111 1164 4167 manifestum
1183 4116 1234 4166 est.
1264 4110 1365 4168 Attici·

195 4205 300 4254 starum
318 4201 472 4258 doctrinam
491 4203 520 4256 in
539 4203 629 4258 schol.
649 4202 720 4258 Plat.
739 4202 859 4257 Phaedr.
878 4204 897 4257 l.
916 4201 935 4256 l.
954 4215 1084 4270 agnosco:
1108 4193 1208 4270 ἄγνος·
1229 4194 1322 4269 φυτόν
1338 4216 1365 4254 τι

194 4291 358 4358 θαμνῶδες,
382 4278 403 4358 r‘y'
423 4288 502 4345 ἐστιν
524 4285 541 4358 ἡ
564 4286 657 4362 λύγος.
677 4291 712 4347 of.
731 4293 763 4346 B.
782 4293 816 4346 A.
836 4292 903 4357 324,
923 4292 964 4347 15.
983 4290 1048 4345 Hes.
1069 4283 1247 4360 s.v.1v'yoc.
1275 4287 1365 4345 Schol.

194 4378 272 4434 Hom.
287 4379 319 4432 Il.
334 4378 383 4434 XI.
402 4379 462 4434 105.
481 4379 525 4434 Et.
539 4381 578 4435 M.
600 4382 641 4447 11,
661 4382 704 4436 53.
722 4379 833 4450 (ultima
852 4382 905 4436 duo
924 4381 984 4436 ioca
1002 4378 1059 4434 iam
1078 4378 1273 4450 etymologiam
1285 4377 1364 4435 iliam
