3000 5040
634 252 678 331 21

76 417 162 492 ὅθεν
185 417 398 512 ήγητηρίον
422 421 584 492 ἐκάλεσαν
606 417 668 514 τήν
692 433 806 512 συκῆν.
844 418 943 493 καί“
923 451 1007 494 οταν
1029 421 1071 494 τά
1093 426 1240 515 πλυντή-

74 557 129 620 ρια
157 534 192 616 ή,
220 541 414 620 προηγεῖται
442 541 555 599 συκῶν
575 527 680 662 πλάξ,
708 524 749 620 ἣν
774 527 870 600 αὐτοὶ
893 531 1052 624 παλάθην
1075 553 1240 623 προσαγο-

74 637 305 727 ρεύουσιν.-
331 643 523 725 φιλοτιμίαν
546 642 608 708 οὐν
632 638 763 726 ἐχοντες
786 666 820 707 οι
811 635 1006 728 Ἀθηναῖοι
1028 636 1126 722 είς
1090 669 1130 710 το
1148 653 1240 732 πρῶ-

75 771 137 814 τον
161 748 242 834 (οοό.
265 750 409 834 πρῶτοι)
434 741 531 814 αὐτοὶ
554 753 668 829 λαβεῖν
692 754 806 829 σῦκον,
829 741 991 837 καὶπρὸς
1014 750 1140 817 οἰωνοῦ
1163 745 1241 837 άγα-

75 861 145 922 θοῦ
166 862 269 921 τοῦτο
292 853 464 939 τιθέμενοι
487 855 534 933 εἰς
556 847 635 934 τοὺς
658 848 779 942 άγροός
802 853 1016 923 ἐπεσκόπουν
1039 860 1096 923 καὶ
1119 858 1165 937 είς
1182 851 1241 937 τάς

74 969 187 1043 συκᾶς,
211 967 387 1049 ζητοῦντες
404 964 436 1028 τί
454 959 617 1048 πέπειρόν
634 986 684 1040 τις
703 963 777 1029 ἰ’όοι.
811 956 925 1029 καὶτὸ
944 963 1005 1049 μὲν
1023 973 1163 1052 πρῶτον
1182 983 1239 1032 συ-

73 1065 244 1147 κοοκόπος
267 1064 394 1156 ἐκλήθη
414 1062 432 1135 ὃ
452 1065 627 1156 θεωρήσας
646 1061 728 1135 αὐτὸ
747 1066 901 1156 πρώτως,
925 1061 1066 1157 ὕστερον
1086 1072 1121 1138 δὲ
1141 1089 1240 1138 συκο-

74 1172 215 1264 φάντης,
243 1168 311 1242 άπὸ
339 1183 402 1242 τοῦ
430 1183 534 1262 φῆναι
560 1168 600 1243 τό
626 1181 730 1242 σῦκον
752 1178 810 1241 καὶ
833 1171 947 1254 άλλοις
971 1179 1082 1259 δεῖξαι.
1116 1172 1135 1244 ό
1157 1185 1240 1264 γοῦν

71 1283 254 1370 περιέργως
278 1281 364 1368 έχων
387 1285 464 1369 περὶ
485 1289 565 1361 τοῦς
584 1276 780 1369 ἀλλοτρίους
797 1286 891 1364 βίους
909 1286 966 1349 καὶ
985 1281 1163 1351 οκοπεύων
1184 1289 1241 1351 καὶ

73 1389 265 1474 ἐμφανίζων
288 1386 501 1476 συκοφάντης
525 1386 661 1476 ἐκλήθη.
687 1429 727 1437 -
753 1387 790 1455 οἱ
819 1390 859 1456 δὲ
882 1390 1082 1475 λέγουσιν,
1110 1383 1163 1458 ότι
1191 1398 1239 1457 λι-

71 1503 137 1581 μοῦ
172 1496 354 1582 γενομένου
391 1496 428 1562 ἐν
458 1490 609 1583 Ἀθήναις
645 1492 800 1582 ψήφισμα
837 1496 968 1581 ἐγένετο
1005 1489 1049 1584 μή
1086 1497 1240 1584 ἐκφέρειν

73 1609 165 1668 σῦκα.
199 1603 433 1691 ἐπιτηροῦντες
461 1591 523 1670 οὖν
551 1626 638 1682 τινες
667 1602 854 1688 ἐκφέροντα
878 1609 962 1670 σῦκα
986 1604 1161 1686 διέβαλλον
1184 1607 1240 1671 καὶ

71 1703 162 1795 παρὰ
180 1703 222 1776 τό
239 1713 317 1797 περὶ
336 1706 450 1777 σόκων
469 1706 584 1793 φάναι,
608 1705 821 1797 συκοφάντης
840 1704 859 1776 ὃ
878 1712 1012 1795 ψευδῶς
1029 1713 1107 1797 περὶ
1126 1708 1239 1778 σύκων

99 1819 214 1884 αίνων.

71 1841 96 1900 φ
161 1926 236 1990 Tria
268 1926 366 2010 igitur
392 1924 610 2010 proferuntur:
646 1927 672 1990 1
706 1931 811 1991 σῦκον
837 1925 983 1992 idemt
949 1931 1044 2012 atque
1070 1920 1240 2016 ήγητηρία,

71 2033 101 2098 2.
126 2027 337 2119 συκοφάντης
360 2055 399 2096 ex
421 2033 526 2099 fausto
492 2033 662 2110 tomine,
686 2033 715 2098 3.
740 2028 956 2120 συκοφάντης
974 2056 1013 2098 ex
1031 2035 1114 2101 malo
1135 2037 1239 2102 omine

70 2145 312 2224 acceptum—
342 2147 518 2205 σῦκον--
544 2133 703 2227 ήγητηρία
734 2162 831 2210 unum
863 2146 896 2206 et
926 2142 1010 2208 idem
1043 2163 1111 2208 esse
1142 2147 1239 2226 atque

70 2247 109 2314 fr
133 2247 207 2313 390.
226 2269 264 2312 ex
286 2247 345 2313 lex
363 2248 444 2314 rhet.
462 2249 530 2331 peti
518 2253 598 2312 1tum
620 2252 828 2332 apparet-
785 2247 908 2313 -Alt
894 2253 963 2314 tera
986 2249 1131 2333 explicat'
1122 2271 1153 2315 10
1175 2271 1239 2316 non

69 2355 156 2438 apud
177 2354 415 2440 lexicographos
438 2356 531 2432 redit,
554 2355 610 2420 sed
633 2355 718 2439 apud
736 2355 1035 2440 paroemiographos
1054 2355 1182 2442 (Zenob.
1200 2356 1237 2423 V.

70 2464 123 2527 91.
148 2466 253 2527 σῦκον
272 2460 373 2539 αἰτεῖς
383 2463 418 2545 1),
441 2462 523 2528 Plut.
544 2462 594 2527 87.
614 2462 744 2546 Diogen.
763 2461 849 2527 VIII.
867 2463 897 2529 9.
916 2462 1057 2547 Apostol.
1075 2462 1142 2528 XV.
1163 2463 1237 2549 85.).

71 2607 113 2616 -
128 2568 236 2634 Tertia
250 2568 418 2653 explicatio
433 2566 480 2654 (οἱ
495 2568 532 2634 δὲ
550 2567 719 2654 λέγουσιν)
737 2569 829 2635 nobis
848 2571 1024 2635 accuratius
1044 2570 1239 2654 inspicienda

69 2680 126 2742 est.
171 2675 291 2742 Eadem
322 2677 464 2742 narratio
475 2677 501 2762 2γ
533 2677 619 2740 redit
645 2697 695 2760 ap.
724 2675 826 2741 Schol.
856 2678 883 2741 l.
910 2677 964 2741 Ar.
992 2677 1075 2741 Plut.
1103 2677 1159 2754 31,
1187 2676 1237 2742 cui

68 2782 157 2848 Suid.
179 2782 220 2866 gl.
244 2805 301 2849 sua
328 2783 431 2848 debet.
478 2782 645 2848 Simillima
667 2788 798 2848 narrant
821 2783 903 2850 Plut.
927 2783 966 2848 de
995 2783 1105 2850 curios.
1132 2784 1181 2848 16.
1205 2789 1237 2849 et

68 2891 184 2956 Athen.
207 2889 265 2956 111.
291 2891 366 2956 741)
390 2889 449 2977 (=
472 2890 616 2957 Eustath.
639 2913 668 2974 p.
695 2891 790 2967 1964,
813 2890 880 2976 οη).
904 2889 1017 2957 Athen.
1036 2892 1077 2956 ad
1096 2891 1236 2956 Istrum

69 2996 107 3062 ἐν
134 3009 205 3074 τοῖς
228 2989 383 3074 Ἀττικοῖς
411 3000 466 3084 (an
495 3000 605 3064 eadem
632 3004 728 3082 atque
755 2997 858 3079 λέξεις
875 2991 1050 3083 Άττικαίλ)
1073 3003 1236 3082 provocat:

159 3249 181 3315 ¹)
203 3250 252 3302 Ar.
275 3247 358 3317 Vesp.
378 3249 440 3303 302.
463 3264 518 3302 non
541 3264 603 3302 cum
625 3247 774 3303 Leutschio
796 3248 816 3301 l.
840 3250 858 3303 l.
882 3247 946 3302 inde
974 3247 1155 3317 explicandus
1184 3252 1234 3302 est.

68 3336 166 3405 Neque
184 3337 360 3406 proverbium
378 3337 448 3391 illud
471 3339 596 3405 quadrat,
615 3353 705 3406 neque
730 3339 804 3391 σῦκα
824 3334 913 3392 αἰτεῖν
931 3362 965 3382 --
984 3331 1154 3392 κολακεύειν
1173 3353 1235 3390 sen-

68 3443 128 3480 sum
147 3429 243 3496 aptum
262 3426 391 3495 praebet:
410 3429 486 3480 recte
506 3425 561 3481 iam
580 3426 670 3481 Schol.
689 3428 800 3496 τρυφᾶν
817 3422 923 3497 βοέλει.

159 3516 180 3582 ⁹)
197 3515 264 3569 Alia
282 3516 368 3571 habet
385 3515 463 3570 Phot.
483 3519 528 3584 (=
547 3514 637 3570 Schol.
656 3515 726 3569 Plat.
746 3516 829 3583 Resp.
848 3515 939 3571 3401).
959 3515 1034 3570 Suid.
1047 3516 1082 3583 gl.
1096 3516 1131 3580 2.)
1150 3530 1234 3569 συκο-

68 3609 198 3672 φαντεῖν·
223 3599 256 3658 τὸ
279 3604 392 3673 ψευδῶς
416 3621 492 3668 τινος
514 3610 692 3675 κατηγορεῖν.
727 3607 887 3672 κεκλῆσθαι
911 3601 942 3658 δέ
966 3620 1036 3673 φασι
1058 3605 1144 3658 τοῦτο
1163 3599 1233 3673 παρ’

65 3693 220 3762 Ἀθηναίοις
238 3695 353 3764 πρῶτον
372 3687 543 3765 εὑρεθέντος
561 3696 611 3747 τοῦ
631 3695 722 3761 φυτοῦ
739 3696 789 3761 τῆς
808 3695 895 3761 συκῆς
912 3694 961 3747 καί
979 3689 1025 3747 διὰ
1042 3692 1128 3746 τοῦτο
1146 3695 1234 3746 κωλυ-

69 3776 161 3836 όντων
185 3776 298 3853 ἐξάγειν
316 3777 351 3836 τὰ
371 3785 458 3845 σῦκα,
482 3785 540 3836 τῶν
559 3780 588 3836 δὲ
608 3776 768 3851 φαινόντων
787 3777 852 3846 τοὺς
871 3777 1026 3851 ἐξάγοντας
1045 3784 1234 3850 συκοφαντῶν

68 3867 242 3940 κληθέντων.
279 3872 464 3926 Athenienses
487 3871 589 3941 primos
613 3870 694 3925 ficum
716 3871 855 3925 invenisse
878 3887 929 3940 per
952 3887 981 3925 se
1005 3871 1154 3925 absurdum
1178 3873 1233 3925 est:

67 3959 136 4015 ficus
160 3960 234 4015 enlm
257 3960 396 4015 nonnullis
418 3960 487 4016 locis
510 3962 585 4030 apud
602 3960 751 4015 Homerum
769 3960 911 4015 laudatur:
936 3959 989 4014 etsi
1007 3958 1051 4012 illi
1069 3962 1134 4013 sunt
1151 3959 1234 4028 origi·

68 4049 141 4119 ginis
159 4049 287 4112 iunioris,
313 4049 347 4104 cf.
366 4050 461 4116 Hehn,
486 4048 627 4118 Culturpfl.
646 4067 671 4103 u.
691 4049 840 4102 Hanstiere
858 4065 884 4117 p.
905 4049 937 4102 77
957 4064 1011 4117 sq.,
1035 4053 1128 4103 tamen
1147 4049 1233 4103 Athe-

68 4139 179 4194 nienses
197 4137 279 4193 ficum
298 4155 333 4193 ex
346 4139 425 4194 Ionia
443 4138 586 4208 accepisse
599 4138 664 4193 inde
678 4141 792 4192 constat.
821 4139 876 4193 Res
895 4137 935 4192 sic
953 4136 1023 4192 mihi
1041 4138 1234 4193 constituenda

67 4226 190 4294 videtur,
214 4231 245 4282 ut
263 4234 410 4298 excerptor
428 4228 456 4295 (i.
476 4245 499 4282 e.
519 4227 611 4282 Photii
630 4232 665 4282 et.
686 4227 775 4282 Schol.
794 4226 865 4282 Plat.
884 4229 980 4282 auctor
999 4226 1158 4295 communis)
1177 4226 1233 4296 pri·

67 4332 144 4372 orem
162 4318 349 4387 sycophantae
367 4316 582 4386 explicationem
600 4315 736 4381 omiserit,
755 4321 784 4370 et
802 4317 903 4371 lemma
922 4333 983 4371 cum
1002 4315 1092 4370 altera
1110 4315 1151 4370 ita
1169 4332 1233 4371 con-

68 4405 258 4476 glutinaverit,
277 4410 308 4462 ut
326 4407 445 4462 absurda
464 4405 523 4476 illa,
543 4422 624 4477 quam
643 4405 839 4476 vituperamus,
859 4405 1010 4476 explicatio
1028 4411 1161 4461 oreretur.
