3000 5040
644 234 708 300 253

176 394 253 463 420.
279 394 452 462 Eustath.
469 416 500 479 p.
515 395 591 473 565,
610 397 661 461 26.
694 395 807 462 ἰστέον
826 395 862 462 δὲ
881 388 944 477 ὅτι,
963 389 1056 464 καθὰ
1074 402 1164 483 λογῷ
1182 416 1256 484 συγ·

81 510 211 590 γενικῷ
237 499 378 581 πάππος
405 493 424 570 ὃ
452 509 515 569 τοῦ
537 495 665 588 πατρὸς
687 496 798 590 πατὴρ
821 504 879 568 καὶ
901 502 1169 594 ἐπίπαπποςῑ)
1191 530 1257 572 πα-

82 603 151 700 τὴρ
176 606 332 692 πάππου,
359 601 378 676 ὃ
405 611 463 675 καὶ
489 606 711 696 πρόπαππος,
743 601 835 676 οὕτω
863 613 921 676 καὶ
946 609 1035 698 τήθη
1062 609 1258 698 βαρυτόνως

82 711 108 807 ἢ
132 709 220 807 τηθὴ
243 710 414 800 ὀξυτόνως
435 711 456 803 ἡ
479 724 542 782 τοῦ
563 709 692 804 πατρὸς
713 713 833 805 μήτηρ,
862 720 919 783 καὶ
941 711 961 805 ἡ
984 725 1042 804 τῆς
1063 713 1187 807 μητρὸς
1211 721 1256 788 δέ.

10 862 12 867 ·
84 818 109 914 ἦ
133 826 248 912 μέντοι
269 825 422 913 τη31ς1)
450 817 533 891 άλλο
556 827 589 890 τί
613 824 719 905 ἐστιν,
747 819 959 911 άναλογοῦσα
981 834 1031 911 τῷ
1054 829 1152 912 θείῳ,
1178 830 1257 914 περὶ
1283 851 1296 891 5

87 921 134 1001 οὗ
155 925 301 1019 άλλαχοῦ
325 934 493 1019 δηλοῦται.
518 929 567 998 ἔτι
589 931 702 999 ἰστέον
725 935 782 998 καὶ
805 923 858 1000 ὅτι
876 935 1054 1019 κωμῳδίας
1077 931 1166 1001 ίδιόν
1189 935 1258 1002 ἐστι

85 1043 272 1125 παππίζειν
299 1041 408 1126 λέγειν
434 1031 488 1106 άιά
515 1048 578 1106 τοῦ
601 1055 629 1120 ῑ,
655 1032 695 1105 τὸ
719 1033 805 1107 καθ’
821 1031 964 1128 Ὅμηρον
986 1037 1179 1124 παππάζειν
1203 1035 1257 1108 διά

85 1157 152 1217 τοῦ
175 1159 205 1215 ᾱ.
230 1142 276 1227 ὡς
300 1148 336 1214 δὲ
353 1143 552 1235 πάπποςθ)
570 1149 627 1213 καί
646 1171 679 1212 τι
697 1150 828 1232 γενείου
852 1149 950 1236 δηλοῖ
968 1150 1026 1214 καὶ
1050 1140 1202 1237 ἀκάνθης
1221 1151 1257 1216 δὲ

89 1248 216 1324 λευκὸν
238 1251 421 1342 ἐξάνθημα,
444 1245 530 1320 ὅθεν
552 1255 609 1320 καὶ
626 1246 667 1320 τὸ
690 1251 887 1342 γήρειον4)
909 1263 1088 1344 παρῆκται,
1112 1248 1258 1342 άλλαχοῦ

88 1359 284 1450 δεδήλωται.
1271 1386 1297 1425 ιο

177 1471 251 1536 421.
282 1470 502 1554 Ευε1α15.ρ.
524 1469 619 1547 1528,
639 1469 690 1535 20.
722 1481 850 1535 κεῖται
873 1477 969 1555 γοῦν
993 1470 1035 1536 ἒν
1057 1467 1257 1559 ῥητορικῷ

87 1583 232 1663 λοξικῷ
253 1584 390 1642 ταῦτα·
432 1576 616 1664 κρέκανῑ)
644 1577 701 1641 καί
723 1579 986 1665 κορυφαίανῑ)
1010 1570 1050 1644 τὸ
1074 1570 1172 1660 αὐτὸ,
1200 1581 1256 1644 καί

88 1679 302 1771 σκόλλυνλ)
324 1679 467 1769 μάλιστα
490 1683 527 1749 δὲ
546 1675 687 1750 Ἀττικοὶ
709 1685 981 1772 πλοκαμῑάαῧ).

179 1791 253 1856 422.
284 1790 458 1857 Eustath.
477 1814 507 1874 p.
528 1791 628 1869 1251,
650 1792 701 1856 52.
739 1790 780 1856 ἐν
809 1791 850 1858 δὲ
876 1788 1074 1880 ῥητορικῷ
1101 1799 1258 1881 παλαιῷ

88 1903 236 1984 λεξικῷ
263 1888 426 1986 εὕρηται
454 1888 576 1976 οὕτως·
617 1894 848 1986 πόρδαλινῐ)
877 1897 910 1965 οἱ
937 1893 1033 1967 ἄλλοι
1065 1893 1256 1990 [Ἓλληνες]
1272 1923 1298 1962 15

81 1999 225 2074 Ἀττικοὶ
252 2005 289 2072 δὲ
315 2001 523 2091 πάρδαλιν.
559 1996 697 2093 Ὅμηρος
726 2005 762 2072 δὲ
789 1998 829 2073 τὸ
857 2008 919 2093 μὲν
947 2013 1037 2089 ζῷον
1065 2000 1120 2075 διά
1141 2016 1204 2076 τοῦ
1228 2019 1258 2090 ὅ,

182 2220 256 2287 423.
292 2219 464 2286 Eustath.
487 2243 516 2304 p.
542 2220 642 2298 1541,
666 2221 717 2285 22.
752 2213 815 2286 τὸν
844 2221 880 2286 δὲ
906 2218 1086 2288 πολύποδα
1112 2219 1257 2289 πούλυ-

89 2328 207 2415 πονῑ)
233 2327 295 2413 μὲν
320 2319 457 2394 Ἀττικοί
485 2344 604 2410 φασιν,
637 2320 688 2404 ὡς
715 2326 756 2393 ἐν
784 2325 983 2415 ῥητορικῷ
1011 2320 1170 2417 εὕρηται
1196 2336 1257 2396 λε-

134 2507 195 2562 420.
223 2507 267 2561 Ex
286 2508 382 2563 eodem
400 2504 477 2560 fonte
495 2505 601 2575 prodfit
618 2508 702 2575 atque
722 2505 755 2560 fr.
768 2506 829 2573 419,
849 2523 963 2575 quocum
983 2513 1044 2563 arte
1063 2508 1201 2574 cohaeret,
1222 2524 1257 2563 ox

88 2597 281 2668 Aristophane
298 2595 441 2667 Byzantio,
460 2597 508 2664 qui
526 2612 577 2665 per
595 2595 729 2650 Aelium
747 2595 944 2668 DIonysium
963 2597 1042 2652 nobis
1060 2596 1186 2653 innotuit.

184 2688 205 2756 ¹)
223 2686 264 2742 01.
282 2687 350 2742 Hes.
368 2686 436 2741 Poll.
456 2686 505 2741 III.
526 2688 567 2742 18.
587 2686 632 2741 Et.
651 2687 689 2740 M.
708 2686 774 2754 633,
794 2688 850 2752 17„
874 2686 922 2754 qui
939 2703 1034 2742 vocem
1054 2682 1174 2756 ἐπιτηθη
1193 2703 1256 2758 pro·

89 2779 198 2844 ferens,
223 2772 390 2832 ἐπίπαππον
412 2777 516 2844 allegat
539 2775 652 2845 etipse
677 2791 711 2830 ex
735 2775 788 2830 lex.
808 2776 999 2833 1151511111.
1027 2776 1156 2848 Heyden,
1180 2776 1256 2833 stud.

90 2868 170 2938 Lips.
189 2866 264 2922 VIII.
283 2883 310 2937 p.
330 2866 390 2920 216.

180 2956 203 3024 ²)
222 2953 262 3011 01,
281 2955 315 3010 fr.
333 2956 395 3010 309.

179 3044 202 3114 8)
220 3042 261 3099 01.
280 3043 316 3100 fr.
334 3045 395 3099 253.

179 3135 203 3205 ⁴)
222 3132 263 3190 Gi
282 3134 348 3188 Hes.
367 3133 444 3189 Eust.
464 3151 491 3203 p.
511 3135 589 3199 1343,
608 3135 651 3188 23.

135 3223 199 3280 421.
224 3223 281 3290 Ea,
305 3239 376 3293 quae
395 3223 425 3277 in
442 3223 589 3277 Eustathio
607 3223 791 3293 praecedunt,
815 3223 900 3279 lexici
918 3225 988 3279 rhet.
1007 3226 1173 3280 sententiam
1191 3240 1256 3293 quo·

89 3312 236 3370 dammodo
255 3312 373 3382 sapiunt,
391 3327 483 3380 neque
501 3317 595 3367 tamen
614 3329 649 3366 ex
667 3313 729 3382 ipso
747 3314 801 3367 lex.
821 3313 912 3382 petita
933 3328 994 3369 esse
1013 3313 1201 3370 iudicaverim.

180 3403 203 3470 ¹)
222 3400 263 3456 01.
282 3401 347 3457 Hes.
366 3401 441 3457 Suid.

180 3491 203 3562 ἱ)
221 3490 262 3546 01.
282 3492 348 3547 Ηοο.

179 3579 202 3649 ⁸)
221 3580 304 3637 eonv.
322 3581 401 3635 Phot.
421 3581 494 3636 Com.
514 3581 566 3636 vol.
585 3582 635 3636 ΙΙΙ.
654 3598 681 3650 p.
700 3582 760 3637 260.
779 3581 867 3636 Kock.

136 3670 199 3725 422.
226 3668 343 3739 Apionis
361 3670 527 3741 etymologia
546 3670 592 3740 (ο1.
612 3670 739 3740 Apollon.
759 3687 786 3740 p.
807 3672 871 3737 134,
892 3673 918 3724 2.
937 3670 1049 3737 Bekk.),
1074 3686 1144 3739 quae
1168 3671 1256 3725 locum

88 3764 215 3815 nostrum
232 3759 389 3829 praecedit,
412 3760 576 3829 plerumque
598 3760 730 3826 Iteratur,
754 3759 790 3816 ο1.
809 3777 852 3815 ex.
871 3777 911 3829 gr.
930 3760 1057 3815 Eustath.
1081 3775 1108 3827 p.
1129 3758 1194 3826 922,
1213 3760 1256 3813 54.

91 3848 171 3918 1092,
189 3849 233 3905 40.
253 3849 331 3918 1505,
350 3850 393 3905 28.
411 3848 457 3903 Et.
476 3850 514 3904 M.
533 3850 594 3917 652,
608 3851 650 3905 30.
669 3850 713 3905 Et.
734 3849 803 3904 Gud.
823 3851 884 3918 452,
897 3851 939 3904 39.
960 3849 1025 3903 Hes.
1039 3865 1059 3902 s.
1073 3864 1097 3901 v.
1113 3841 1257 3918 πόρδαλις.

183 3939 203 4006 ¹)
221 3939 334 3994 Prorsus
358 3938 494 3994 consentit
519 3939 610 4006 Phot„
634 3954 669 3992 ex
691 3945 773 4009 parte
796 3940 922 4009 Apollon.
941 3939 959 3992 l.
980 3940 1006 4003 I.‚
1026 3935 1074 4006 qui
1092 3936 1157 3991 inde
1176 3952 1194 3991 a
1212 3952 1256 3990 vo-

90 4027 170 4082 cibus
188 4025 291 4099 ῥητέον
309 4025 340 4082 6ὲ
358 4030 418 4084 κτλ.
438 4030 536 4082 eadem
549 4027 663 4098 profert.
692 4028 733 4083 01.
746 4029 791 4083 Et.
805 4030 843 4082 M.
857 4029 918 4096 652,
932 4029 975 4083 28.
994 4028 1038 4082 Et.
1052 4026 1121 4082 Gud.
1136 4026 1198 4094 452,
1213 4027 1256 4080 48.

138 4117 200 4172 423.
230 4117 357 4172 Formam
376 4113 538 4181 πουλύπους
556 4117 722 4172 Aristoteles
742 4121 770 4172 et
788 4117 922 4172 Aelianus
941 4121 1061 4173 tuentur.

181 4205 205 4275 ¹)
222 4206 363 4275 Nusquam
382 4207 411 4260 In
429 4206 528 4262 lexicis
547 4206 651 4260 similia
669 4206 794 4261 redeunt.
823 4206 890 4261 Cum
908 4209 1001 4261 nostro
1019 4221 1095 4260 conv.
1114 4204 1180 4258 Ath.
1194 4204 1256 4258 VII.

88 4295 190 4352 3181.
219 4295 338 4367 Δωριεῖς
356 4291 383 4348 δ’
398 4290 486 4350 αὐτὸν
501 4291 545 4349 διά
564 4299 615 4351 τοῦ
634 4296 659 4348 ῷ
672 4297 791 4350 καλοῦσι
805 4290 948 4350 πώλυπον,
962 4326 995 4336 -
1012 4289 1127 4350 Ἀττικοί
1145 4291 1177 4348 δὲ
1189 4310 1257 4348 που·

88 4378 208 4440 λάπονν.
443 4378 446 4383 ’
