3000 5040
621 265 683 330 115

152 429 203 493 66.
235 426 408 493 Eustath.
427 449 456 510 p.
477 427 555 503 707,
574 426 626 490 33.
660 417 853 509 ἀρδάνιον
881 413 974 508 παρὰ
997 420 1123 506 Αἰλίῳ
1147 422 1233 486 Διο-

59 537 186 619 νυσίῳ
209 526 250 599 τὸ
275 525 343 598 ἀπὸ
367 540 431 600 τοῦ
449 531 625 617 πυθμένος
646 538 710 595 τοῦ
728 531 906 615 κεραμείου
925 527 989 606 ἕως
1006 536 1064 614 τῆς
1081 518 1234 613 γαστρὸς,

62 641 100 706 ἐν
118 631 148 725 ᾦ
167 633 309 725 ἄρδουσι
331 639 508 724 θρέμματα
519 639 553 724 ¹).
576 638 805 712 Παυσανίας
829 636 867 701 δέ
889 653 991 722 φησιν
1015 625 1068 700 ὅτι
1091 626 1234 720 ἀρδάνια

60 742 220 831 κεράμων
233 741 373 831 γάστραι
387 737 456 810 ἀπὸ
475 751 538 810 τοῦ
557 737 672 829 ἀρδειν
690 734 732 808 τὰ
751 738 945 828 βοσκήματα
956 744 991 828 ²).
1009 741 1234 826 προετίθεντο

62 853 111 933 δέ,
134 870 269 940 φησιν,
292 857 363 916 τῶν
381 857 511 937 θυροῦν.
547 849 575 914 εί
596 850 631 914 δὲ
654 851 712 914 καὶ
735 841 753 914 δ
778 842 951 934 ἀρδαλος
973 849 1031 912 καί
1052 839 1093 912 τὸ
1117 838 1232 931 ἀρδα-
1262 864 1275 904 ⁵

64 964 190 1024 λοῦσαι
213 960 267 1022 καὶ
292 951 312 1044 ἦ
337 949 506 1044 ἀρδαίία
530 955 567 1022 ἐκ
585 964 648 1021 τοῦ
666 951 826 1021 τοιούτου
848 957 975 1040 γίνεται
993 950 1149 1040 ῥήματος,
1172 944 1236 1018 οὐκ

63 1061 134 1131 ἔστι
158 1072 333 1150 οταθεροῦς
357 1063 534 1150 ἐπικρῖναι.
567 1063 652 1138 τέοος
676 1062 712 1128 δὲ
735 1053 821 1126 κατὰ
844 1061 1113 1148 Παυσανίανθ)
1135 1063 1235 1145 Φερε-

62 1168 188 1258 κράτης
210 1183 302 1237 ποιεῖ
322 1194 398 1236 τινα
423 1166 673 1255 ἒπμασσόμενον
697 1160 765 1235 ἀπὸ
788 1175 938 1254 πυρετοῦ
960 1167 1114 1252 λέγοντα·

63 1473 217 1527 compares.
246 1454 381 1527 Αἰσχίνης
402 1458 469 1527 περί
488 1459 538 1524 τῆς
556 1449 732 1520 ἀποδόσεως.
761 1449 963 1525 πιθανώτερόν
982 1450 1043 1509 ἐστι
1061 1452 1169 1525 λέγειν,
1193 1445 1237 1511 δτι

63 1547 197 1617 Δωριεῖς,
221 1541 345 1613 μάλιστα
368 1540 395 1598 δ’
412 1542 543 1615 Ἀργεῖοι,
567 1541 618 1599 τὸν
642 1537 708 1613 ἀφιν
731 1540 823 1614 ἀργᾶν
846 1541 991 1613 λέγουσιν,
1021 1537 1059 1608 ὡς
1077 1539 1182 1615 Ἀχαιὸς
1205 1541 1237 1600 ἐν

58 1629 199 1707 Ἀδράστῳ
223 1634 267 1701 (fr.
288 1637 321 1702 1).
377 1634 496 1704 ίμαρχος
519 1634 682 1703 (Τιμαχίδας
700 1632 873 1702 Maussacus)
896 1631 926 1686 δὲ
946 1625 1083 1697 ὸῬόδιος
1105 1628 1139 1688 osi
1162 1629 1236 1688 κατὰ

62 1725 195 1793 γλῶτταν
217 1725 370 1777 καλεῖσθαι
392 1719 442 1777 τὸν
465 1715 532 1792 ἀφιν
555 1720 649 1793 ἀργᾶν
674 1739 773 1791 φησιν,
797 1717 868 1775 ἀλλά
891 1719 976 1792 γένος
997 1739 1024 1775 τι
1048 1714 1119 1776 εἶναι
1141 1715 1237 1791 ὄφεως

62 1807 131 1874 τοὺς
140 1808 236 1881 ἀργᾶς.
251 1814 310 1866 κτλ.
331 1812 407 1880 Quae
417 1812 511 1877 verba,
524 1811 554 1865 in
564 1811 683 1881 epitome
693 1811 773 1865 initio
783 1810 877 1880 paullo
889 1809 1002 1879 fusiora,
1014 1811 1137 1879 repetita
1150 1812 1236 1867 habas

63 1900 139 1968 apud
158 1899 232 1954 Suid.
252 1916 274 1955 s.
294 1917 317 1954 v.
355 1901 463 1955 Novum
482 1901 619 1970 quoddam
638 1900 734 1954 intulit
751 1902 783 1954 B.
802 1901 836 1954 A.
854 1900 916 1965 442,
935 1901 978 1954 29.
1002 1901 1072 1954 haec
1091 1900 1176 1956 verba
1193 1900 1236 1955 iu·

63 2004 173 2042 serens:
201 1980 282 2042 ἀλλοι
301 1987 332 2043 δὲ
352 2004 440 2057 φασιν
459 1984 546 2043 αὐτὸν
563 1984 654 2042 κακὸν
672 1983 792 2056 ποιητὴν
809 1985 960 2058 γεγονέναι
979 1987 1024 2054 (cf.
1042 1991 1144 2044 Athen.
1162 1989 1236 2045 XIV.

64 2077 163 2144 6380),
182 2093 253 2146 quae
271 2078 390 2133 redeunt
408 2077 438 2131 in
456 2078 547 2132 Schol.
560 2078 661 2132 Aesch.
677 2078 712 2130 II.
727 2078 770 2132 99.
789 2077 855 2131 Has.
875 2093 897 2130 s.
917 2093 942 2132 v.
961 2072 1060 2148 ἀργᾶς.
1089 2079 1237 2149 sementes

63 2161 156 2237 ἀργᾶς
179 2170 291 2221 vocatas
314 2181 376 2220 esse
398 2165 453 2220 vid.
473 2181 518 2235 ap.
542 2165 616 2221 Suid.
637 2162 825 2233 Λημοσθένης
848 2181 869 2220 s.
889 2163 908 2220 f.
928 2170 957 2219 et
979 2166 1044 2220 Hes.
1065 2182 1085 2221 s.
1101 2184 1125 2221 v.
1144 2164 1237 2238 ἀργῆν

65 2249 190 2323 ἔπεφνες
213 2259 340 2323 (quocum
363 2254 398 2309 ci.
417 2255 504 2324 Harp.
524 2270 545 2309 s.
565 2271 589 2310 v.
610 2247 680 2308 ἔνιοι
704 2252 734 2307 δὲ
757 2254 809 2308 τοῦ
832 2248 990 2324 δράκοντος
1012 2247 1086 2308 είναί
1108 2273 1180 2324 φασι
1202 2251 1236 2309 τὸ

63 2338 158 2414 ἀργᾶν
174 2339 328 2410 ἐπίθετον).
347 2344 452 2413 Frcyer
465 2360 492 2413 p.
506 2344 559 2398 275
569 2359 647 2412 sqqu.
663 2345 819 2412 propterea,
838 2345 910 2411 quod
928 2344 959 2397 B.
974 2346 1007 2397 A.
1027 2348 1056 2396 et
1074 2344 1148 2398 Suid.
1163 2343 1238 2398 inter

64 2448 96 2486 se
116 2431 272 2500 concidunt,
291 2432 402 2487 illorum
420 2432 526 2501 glossas
545 2432 581 2486 ad
599 2430 765 2486 Pausaniam
783 2436 903 2486 revocat.
922 2431 1080 2487 Nab.Pr01.
1100 2433 1160 2487 103.
1179 2448 1236 2487 om·

63 2537 116 2575 nes
136 2523 253 2576 eundem
272 2519 377 2576 fontem
396 2520 499 2576 adiisse
518 2524 622 2575 censet.

111 2612 154 2665 66.
173 2612 195 2677 1)
214 2611 259 2665 Ad
277 2611 339 2664 Ael.
358 2609 438 2664 Dion.
457 2609 575 2680 respicit
592 2609 659 2664 Hes.
678 2625 699 2662 s.
719 2626 743 2662 v.
763 2603 891 2679 ἀρδαλία.

157 2698 177 2766 ⁹)
196 2699 275 2753 Paus.
294 2698 432 2768 repetitur
455 2700 529 2767 apud
547 2699 578 2753 B.
593 2700 626 2751 A.
646 2699 707 2766 441,
726 2698 762 2752 30
780 2701 824 2765 (=
843 2697 917 2752 Suid.
932 2697 999 2752 Zon.
1014 2698 1036 2752 Ι.
1050 2698 1111 2752 302.
1130 2696 1236 2768 Tictm.)

64 2788 132 2842 Hes.
152 2787 241 2842 Schol.
261 2787 326 2841 Eur.
346 2787 407 2841 Alc.
426 2788 469 2841 99.
488 2787 567 2841 Phot.
587 2802 607 2840 s.
627 2804 651 2840 v.
672 2780 818 2856 ἀρδάνιον,
842 2785 914 2840 unde
934 2785 1017 2840 veIIm
1041 2787 1141 2856 addas,
1166 2802 1237 2855 quac

63 2877 144 2930 Eust.
163 2875 366 2930 inconsiderate
385 2874 491 2941 omisit,
514 2875 669 2930 Pausaniae
689 2876 786 2930 verba:
816 2870 929 2928 ἐτίθετο
953 2873 984 2928 δὲ
1003 2870 1059 2945 πρὸ
1078 2879 1127 2944 τῆς
1145 2869 1238 2945 θάρας

64 2967 124 3017 τῶν
141 2959 387 3032 τετελευτηκότων
409 2970 469 3027 τοῖς
492 2960 613 3018 εἰσιοῦσι
632 2965 680 3018 καί
700 2960 836 3029 ἐξιοῦσιν,
859 2958 908 3017 ίνα
927 2964 1171 3035 περιρραίνονται.
1201 2962 1236 3018 cf.

64 3053 133 3108 Poll.
153 3055 228 3108 VIII.
248 3055 290 3108 66.

156 3141 177 3209 ³)
194 3141 287 3197 Ellam
310 3157 391 3197 voces
414 3134 549 3212 ἀρδαλος,
574 3136 751 3212 ἀρδαίῶσαι,
771 3136 892 3212 ἀρδαλία
911 3141 1053 3197 atticistae
1071 3140 1237 3196 tn‘buandae

64 3235 130 3285 sunt
147 3229 181 3285 cf.
194 3231 266 3285 Prol.
280 3249 306 3300 p.
320 3231 362 3286 49.
400 3230 567 3286 Pausaniam
585 3232 656 3286 haec
675 3247 710 3285 ex
722 3229 910 3300 Aristophane
922 3230 1056 3302 Byzantio
1073 3229 1237 3300 transscrip-

65 3319 135 3374 sisse
155 3323 269 3385 constat,
289 3319 323 3373 cI.
337 3321 444 3374 Nauck.
460 3321 507 3374 Ar.
523 3321 588 3390 Byz.
607 3337 634 3389 p.
649 3321 701 3374 203
721 3323 751 3374 et
768 3321 800 3374 L.
815 3321 900 3388 Oohn,
919 3320 953 3376 N.
967 3319 1083 3375 Jahrbb.
1099 3319 1161 3375 XII.
1176 3321 1237 3375 291.

65 3424 154 3476 εοςυ,
173 3409 220 3477 qui
239 3409 274 3462 ab
294 3410 392 3463 eodem
409 3408 553 3463 Eustathii
571 3408 630 3464 loco
648 3425 676 3477 p.
690 3409 769 3476 1761,
788 3409 831 3464 30.
849 3408 970 3478 profecti
989 3412 1052 3463 sunt
1070 3409 1157 3479 (recte
1176 3425 1237 3464 cum

65 3496 170 3552 comto
188 3497 260 3552 libro
278 3498 346 3567 περί
363 3499 421 3550 τῶν
438 3490 682 3564 ὑποπτευομένων
700 3517 728 3565 μ.
745 3493 767 3551 ἐ.
780 3515 804 3550 τ.
825 3513 853 3550 τι.
873 3497 1027 3567 attributo).
1051 3492 1187 3552 σννάπτει
1207 3494 1238 3550 δὲ

64 3580 177 3649 τούτοις
196 3581 308 3650 ξενικὸν
326 3587 376 3639 καί
394 3581 427 3639 τὸ
446 3580 610 3656 ἀρδαλῶσαι
628 3579 719 3656 ἤγουν
736 3588 856 3653 μολῦναι
875 3583 1031 3656 προφέρων
1049 3587 1098 3640 καί
1116 3581 1150 3640 τὸ

225 3668 275 3742 τὴν
293 3671 346 3741 μὲν
365 3666 455 3744 ἀρδαν
473 3669 526 3728 ἀπ’
542 3671 614 3741 ἐμοῦ
634 3669 813 3745 σπόγγισοον

65 3763 115 3815 καί
133 3756 167 3815 τὸ
939 3801 940 3806 ,

225 3845 380 3921 Αἰγύπτιος
402 3845 555 3918 θοίμάτιον
579 3846 728 3922 ἡρδάλωσέ
750 3869 814 3919 μου.
847 3849 1001 3918 (Philemon
1024 3849 1057 3904 fr.
1077 3852 1119 3906 59.
1138 3850 1236 3916 Kock).

66 3938 100 3994 cf.
121 3938 193 3993 Mill.
212 3940 277 3993 Md.
296 3957 325 4008 p.
343 3941 404 3994 427.
424 3940 470 4010 (ex
489 3942 537 3994 Ar.
557 3941 633 4009 Byz.)
655 3935 819 4009 dipisideni
842 3935 890 3993 ἐπί
908 3943 959 3994 τοῦ
977 3941 1104 4007 μολῦναι.
1132 3939 1177 3993 ut.
1197 3941 1236 3995 M.

64 4029 131 4092 436,
150 4027 193 4081 41.
217 4027 293 4082 Erat.
312 4045 338 4097 p.
358 4030 407 4093 56,
427 4030 444 4082 9
465 4028 558 4083 Klein.
583 4027 680 4082 Galen.
704 4027 792 4083 Gloss.
817 4028 948 4097 Hippocr.
973 4028 1024 4084 vol.
1049 4027 1124 4082 XIX.
1147 4044 1174 4096 p.
1192 4029 1236 4084 85.

64 4116 157 4170 thn.
172 4116 251 4171 Phot.
268 4117 333 4171 Hes.
353 4113 554 4186 ἡρδαλωμὲνος
572 4117 617 4186 (--·
635 4117 703 4170 Lex.
723 4118 836 4172 Bachm.
855 4117 916 4183 252,
935 4118 962 4185 5)
980 4117 1046 4171 Hes.
1066 4133 1088 4171 s.
1107 4133 1131 4171 v.
1152 4112 1236 4188 ἀρδα-

64 4200 215 4270 λωμένους.
245 4205 373 4260 Erotiam
396 4207 472 4260 locus
496 4209 592 4260 contra
610 4204 766 4260 Nauckium
790 4208 826 4274 (p.
845 4205 906 4260 203.
925 4222 951 4260 n.
970 4206 1016 4274 27)
1038 4205 1156 4260 tuendus
1180 4212 1235 4274 cst3

64 4307 162 4346 vocem
174 4283 297 4362 ἀρδαλος
309 4294 382 4348 enim
401 4300 429 4349 et
448 4293 581 4349 adiectivi
600 4299 629 4350 et
647 4293 814 4349 substantivi
832 4309 922 4360 sensu,
941 4299 972 4349 ut
984 4294 1124 4350 Lobackio
1142 4293 1172 4349 in
1184 4295 1236 4349 Pa·

64 4380 134 4435 thol.
153 4398 180 4450 p.
200 4381 260 4438 245.
279 4382 395 4452 placuit,
414 4383 571 4439 adhibitam
589 4399 650 4439 osse
670 4383 760 4438 disces
780 4399 814 4438 ax
833 4384 898 4438 Has.
918 4383 1016 4453 glossis
1034 4376 1164 4455 ἀρδαλος.
1187 4377 1237 4451 μό-

986 4472 1023 4526 ga
