3000 5040
669 267 731 333 179

106 426 215 516 δῆλον
234 427 271 494 δὲ
289 417 342 494 ότι
357 419 513 505 Ἀττικῶς
534 433 640 492 ταῦτα
663 424 785 507 πάντα,
809 426 883 493 ἐπεὶ
905 430 962 493 καὶ
975 431 1134 505 Αττικαῖς
1156 428 1283 510 λέξεσιν

109 527 132 600 ὃ
155 530 272 622 ῥηθεὶς
293 529 467 611 Διονύσιος
490 532 707 618 ἐπεξέρχεται.
732 527 843 612 άλλως
861 527 924 620 γάρ
944 537 1001 600 καὶ
1023 529 1043 621 ἡ
1066 537 1123 613 θὶς
1145 535 1282 621 λέγεται.

107 631 165 708 ὅτι
191 642 249 706 καὶ
275 634 296 728 ἡ
324 632 419 724 λιμός
445 631 485 706 τό
515 636 636 718 σκότος
664 642 721 706 καὶ
748 633 769 727 ἦ
797 636 902 726 Τάρας
929 643 986 707 καὶ
1009 639 1106 727 ἕτερα
1128 650 1199 708 τῶν
1221 648 1284 708 τοῦ

107 749 300 828 Διονυσίου,
324 741 453 832 ἑτέρως.

200 855 289 920 218.Ι
305 853 480 920 Eustath.
499 876 528 936 p.
551 854 645 932 1387,
665 853 694 919 5.
722 846 814 939 παρά
839 854 875 919 δὲ
897 866 968 931 τοῖς
991 859 1147 932 παλαιοῖς
1168 856 1226 920 καὶ
1243 847 1284 920 τὸ
1312 881 1325 919 s

108 954 265 1045 ἄθυρμά,
287 977 383 1042 φασι,
408 955 597 1040 δασύνεται,
620 951 667 1037 ὡς
688 963 746 1025 καὶ
768 959 844 1038 ένος
868 953 886 1026 ὃ
910 953 1074 1038 ἐνιαυτός·
1099 952 1185 1027 ὅθεν
1205 955 1284 1043 άφε-

108 1089 184 1145 νος·
214 1060 232 1133 ό
257 1058 318 1132 ἄπ’
342 1065 523 1132 ἐνιαυσίων
551 1064 771 1153 γεννημάτων
794 1073 954 1148 πλοῦτος,
982 1070 1040 1133 καὶ
1062 1060 1102 1133 τὸ
1126 1065 1205 1155 έννη
1228 1070 1285 1133 καὶ

108 1173 173 1239 νέα
196 1174 333 1240 δασεῖαν
355 1168 434 1240 τότε
459 1169 532 1258 εἶχε.
567 1176 624 1239 καὶ
646 1199 667 1260 η
691 1167 779 1259 άμὶς
803 1176 859 1240 καὶ
881 1165 901 1262 ἡ
926 1166 1051 1258 ἅμαξα
1061 1176 1098 1259 ¹),
1121 1165 1205 1241 ὅθεν
1229 1177 1285 1240 καὶ

108 1271 1126 1368 τὸκαθημαξευμένωςῗ),ὥςωησινΑίλιοςΔιονόσιος.
1151 1283 1208 1346 καὶ
1221 1287 1284 1347 θα-

109 1382 253 1472 μάξιον
274 1379 315 1454 τὸ
339 1379 489 1471 ἃμάξιον.
526 1389 680 1473 χαίρουσι
698 1383 759 1473 γάρ
783 1405 876 1474 φησι
895 1395 935 1471 τῇ
955 1389 1069 1476 δασεῖα
1090 1381 1283 1454 οίΆττικοί.
1300 1417 1326 1454 10

201 1494 275 1560 219.
306 1493 480 1560 Eusteth.
503 1517 533 1577 p.
560 1495 659 1571 1278,
677 1495 729 1559 49.
763 1494 875 1560 ἰστέον
904 1495 940 1561 δε
968 1485 1021 1560 ότι
1044 1487 1131 1559 κατὰ
1153 1500 1285 1560 πολυω-

94 1601 231 1686 ,νυμίας
266 1596 370 1686 λόγον
406 1592 449 1666 τά
481 1595 593 1686 θρόνα
625 1601 681 1665 καὶ
713 1597 873 1686 φάρμακα
904 1604 961 1666 καὶ
992 1597 1098 1687 κάλλη
1131 1599 1289 1686 ἐλέγοντο.

110 1698 205 1792 παρὰ
227 1718 298 1784 τοῖς
320 1711 485 1784 παλαιοῖς.
518 1709 598 1794 φησὶ
621 1715 704 1793 γοῦν
727 1709 969 1784 Παυσανίας·
998 1704 1171 1794 κάλληῑ)
1195 1701 1286 1794 άνθη

110 1809 281 1898 βάμματα,
313 1805 400 1880 ὅθεν
432 1815 489 1879 καί
521 1811 787 1901 καλλύνειν·1)
824 1807 864 1879 τό
892 1827 1030 1897 κοσμεῖν
1062 1815 1128 1901 καὶἸ
1151 1821 1286 1900 σαροῦν.

112 1919 195 1998 ἴσως
213 1919 249 1986 δέ
267 1917 305 1985 έκ
323 1916 449 1987 τούτου
467 1922 523 1986 καὶ
542 1917 761 2008 κάλλαιαθ)
783 1913 875 2006 παρὰ
893 1929 944 2005 τῷ
962 1929 1101 2006 κωμικῷ
1116 1919 1149 1985 οί
1166 1917 1286 2005 ποόγω-
1303 1947 1327 1986 ιι

112 2049 171 2103 νες
191 2034 263 2092 τῶν
285 2012 534 2112 ἀλεκτρυόνων,
557 2029 615 2092 καὶ
636 2019 678 2093 τά
703 2027 739 2092 έν
763 2035 803 2111 τῇ
827 2019 941 2093 αὐτῶν
965 2020 1050 2114 οὐρᾷ
1072 2019 1178 2113 πτερά
1201 2020 1288 2092 κατὰ

112 2126 256 2198 Ᾰίλιον
279 2130 500 2200 Διονύσιον.

204 2241 278 2306 220.
310 2241 482 2306 Eustath.
502 2264 531 2324 p.
555 2242 720 2319 1183,19.
752 2240 882 2326 λέγεται
907 2240 951 2319 δέ,
977 2259 1074 2324 φασι,
1102 2243 1160 2306 καὶ
1183 2232 1288 2325 όφρο-

116 2347 208 2413 δισία
231 2339 332 2432 άγρα,
361 2339 454 2415 καθὰ
477 2347 608 2433 πέρδιξ,
637 2338 728 2413 οὕτω
751 2348 806 2413 καὶ
833 2355 899 2424 σῦς.
932 2349 989 2412 καὶ
1011 2339 1074 2432 γάρ
1097 2349 1154 2411 καὶ
1177 2339 1196 2412 ό
1217 2359 1288 2430 χοῖ-

114 2477 176 2538 ρος
206 2445 406 2542 κατωφερὴς
438 2453 484 2531 είς
517 2447 705 2540 άφροδίσια.
744 2445 830 2520 ὅθεν
857 2447 943 2519 κατὰ
975 2454 1117 2519 Αίλιον
1150 2449 1330 2519 Διονύ-το

117 2577 207 2626 σιον
233 2561 291 2626 καί
317 2557 555 2646 κάπραιναῑ)
583 2552 666 2647 γυνὴ
690 2553 710 2647 ἦ
737 2554 871 2647 όργῶσα
897 2552 983 2646 πρὸς
1009 2562 1112 2643 μίξεις
1139 2561 1194 2624 καὶ
1222 2583 1287 2624 κα-

115 2701 330 2772 ambiguitatem
347 2709 441 2758 notam
453 2703 540 2758 fuisse
559 2703 640 2758 docet
652 2703 718 2757 Ath.
732 2703 780 2757 Ill.
798 2704 885 2757 1193.
899 2702 932 2767 D,
946 2701 981 2756 cf.
995 2703 1109 2763 Lorenz‚
1128 2700 1289 2769 Epicharin.

115 2807 144 2860 p.
162 2792 227 2847 282.
255 2791 323 2847 Gum
340 2793 401 2847 loco
420 2795 514 2846 nostro
533 2793 723 2861 componendo
741 2795 813 2859 sunt,
832 2807 902 2860 quae
921 2791 999 2845 Euat.
1018 2807 1045 2859 p.
1066 2791 1107 2856 73,
1126 2790 1161 2843 42
1179 2789 1288 2845 nomine

115 2879 240 2935 auctoris
258 2881 348 2935 celato
367 2880 514 2950 congessit.

160 2970 222 3024 218.
242 2970 265 3037 ¹)
284 2969 386 3024 Mirum
398 2969 427 3024 in
442 2970 552 3024 modum
565 2986 600 3024 cx
613 2970 717 3024 duobus
728 2968 868 3037 excerptis
878 2969 961 3037 plane
972 2968 1027 3022 sibi
1037 2967 1289 3022 contradicentibus

116 3074 167 3114 oua
184 3058 273 3113 habet
290 3059 367 3114 Eust.
387 3075 414 3127 p.
431 3060 575 3127 1156,19.,
599 3058 648 3112 ubi
670 3059 721 3112 sub
744 3057 827 3111 finem
850 3057 964 3125 legitur:
989 3053 1234 3125 καθημαξευμένα
1253 3044 1291 3120 ὥς

116 3163 207 3216 φασιν
226 3142 254 3201 ol
271 3147 393 3202 παλαιοί.
419 3147 459 3203 Cf.
479 3147 513 3202 fr.
531 3149 574 3203 58.
594 3146 628 3202 cf.
642 3147 716 3202 Suid.
732 3177 765 3185 -
785 3147 911 3200 Alteram
930 3147 1088 3214 opinionem
1106 3147 1229 3214 (κατημ.)
1248 3161 1290 3200 se-

117 3239 239 3304 quuntur
257 3235 508 3303 Hes.Et.M.497,
525 3238 566 3291 13.
585 3237 665 3290 Phot.
685 3235 752 3290 Lex.
772 3237 883 3290 Bachm.
904 3236 965 3300 273,
982 3236 1024 3290 29.

208 3325 229 3390 ²)
248 3323 288 3380 ef.
305 3341 376 3394 quae
394 3328 431 3380 ad
449 3325 483 3380 fr.
499 3326 535 3380 40
553 3324 735 3394 exposuimus.
764 3324 871 3378 Novum
890 3324 1006 3378 affertur
1024 3323 1242 3393 fundamentum,
1261 3327 1292 3378 ut

117 3419 208 3468 totum
225 3413 316 3468 locum
335 3415 413 3480 1636,
432 3417 468 3470 20
478 3431 538 3483 sqq.
558 3415 594 3469 ad
613 3414 753 3469 atticistas
771 3412 947 3467 referendum
966 3429 1026 3468 esse
1046 3414 1251 3468 contendamus.

161 3503 224 3559 219.
243 3504 265 3570 ¹)
284 3503 366 3558 Conv.
380 3503 445 3558 Hes.
463 3505 549 3558 Moer.
569 3520 596 3572 p.
609 3504 670 3571 200,
683 3505 724 3557 17.
743 3505 869 3557 Ammon.
887 3519 914 3572 p.
934 3505 977 3558 80.
1001 3502 1100 3557 Valck.
1113 3503 1158 3556 Et.
1173 3503 1210 3558 M.
1231 3504 1291 3567 486,

117 3593 161 3648 43.
180 3592 227 3647 Et.
246 3591 316 3647 Gud.
335 3591 397 3659 294,
412 3593 455 3646 28.
470 3593 514 3648 34.
533 3591 595 3659 296,
610 3593 635 3646 4.

208 3680 230 3747 ²)
248 3680 330 3734 Genu.
349 3681 429 3734 Phot.
448 3681 555 3735 Similia
574 3681 639 3735 Hes.
659 3680 733 3735 Suid.
753 3681 797 3735 Et.
817 3682 856 3734 M.
875 3681 999 3747 322,13.
1024 3680 1091 3734 Luc.
1110 3679 1229 3747 Lexiph.
1250 3680 1291 3733 11.

208 3767 230 3837 ⁸)
248 3768 355 3823 Eadem
378 3761 394 3824 ὃ
418 3763 533 3839 γράψας
554 3786 581 3838 p.
603 3770 682 3835 1205,
702 3770 745 3825 26.
782 3769 865 3838 Apud
883 3768 1051 3837 posteriores
1071 3767 1211 3821 confertur
1230 3783 1292 3821 cum

119 3852 208 3926 κάλλη
227 3857 370 3926 vocabulo,
391 3856 426 3912 ef.
445 3859 570 3912 Ammon.
589 3858 634 3912 Et.
654 3860 692 3912 M.
712 3859 729 3912 l.
744 3859 762 3911 l.
782 3858 827 3926 (cf.
841 3858 910 3911 Poll.
924 3858 985 3912 Vll.
999 3859 1052 3923 63).
1072 3857 1160 3910 Schol.
1175 3860 1222 3910 Ar.
1240 3855 1292 3923 Eq.

119 3947 163 4002 48.
181 3947 249 4002 Hes.
268 3945 344 4001 Suid.
363 3977 397 3986 -
423 3947 525 4001 Contra
548 3947 620 4000 hanc
645 3947 859 4015 explicationem
882 3961 1006 4014 pugnare
1030 3945 1139 3998 videtur
1161 3945 1239 3998 Phot.
1258 3939 1293 3997 τὰ

121 4037 179 4090 τῶν
196 4029 398 4106 ἀλεκτρυόνων
416 4033 513 4105 γένεια
531 4035 577 4100 (cf.
596 4037 682 4090 Moer.
701 4053 728 4104 p.
748 4035 813 4102 200,
836 4036 885 4097 18).
920 4035 992 4089 (leve
1011 4050 1073 4088 eam
1092 4032 1294 4102 dicrepantiam

121 4123 194 4179 tanti
215 4123 317 4179 iacias!
344 4123 433 4178 Attici
457 4124 529 4178 enim
555 4124 759 4178 consentientes
782 4141 843 4178 cum
861 4123 993 4193 Dionysio
1016 4119 1137 4175 κάλλαια
1156 4117 1294 4191 πόμωνες

120 4213 179 4267 τῶν
196 4209 223 4268 ei.
243 4213 438 4277 adhibuerunt,
459 4213 494 4268 cs.
513 4215 561 4267 Ar.
581 4215 653 4267 Hist.
673 4214 754 4267 anim.
776 4213 824 4266 IX.
843 4213 887 4267 49.
908 4216 950 4268 50.

164 4302 226 4357 220.
245 4303 268 4369 1)
286 4302 393 4357 Eadem
408 4303 536 4357 doctrina
545 4303 655 4356 nomine
666 4302 786 4356 auctoris
796 4301 898 4356 omisso
909 4318 953 4370 ap.
963 4301 1041 4356 Eust.
1052 4317 1079 4370 p.
1091 4301 1151 4366 853,
1162 4301 1204 4354 31.
1216 4299 1294 4364 1676,

121 4391 164 4447 35.
182 4421 218 4431 -
237 4391 319 4446 Gonu.
338 4391 406 4446 Hes.
426 4390 460 4446 cl.
478 4391 770 4446 ΡοΙΙ.711.202.203.

1029 4479 1083 4532 12*
