3000 5040
717 229 760 295 58

158 380 232 474 τικὴ
265 388 301 453 δὲ
333 379 353 474 ἡ
381 387 467 469 λέξις
494 388 628 475 κειμένη
656 390 713 454 καί
740 381 825 475 παρ’
847 382 1075 475 Ἀριστοφάνει
1108 388 1145 457 ἐν
1168 382 1328 467 Ἀττικαῖς

158 495 264 576 λέξεσι
291 496 347 559 καὶ
376 499 445 559 κτλ.
476 495 513 561 cf.
536 496 624 561 Euat
647 519 676 580 p.
696 497 771 572 203,
792 498 833 562 14
857 488 1269 585 (Ae1.Di0n.fr.128)34.
1292 496 1328 563 δὲ

159 604 191 667 Δ.
221 619 301 688 φησι
328 603 384 666 καὶ
412 593 464 667 ὅτι
493 603 632 679 δίοπος
659 594 678 666 ὁ
708 599 897 686 ναυφάλαξ,
925 595 972 681 ὡς
999 600 1199 669 ἐπισκοπῶν
1222 595 1328 690 αὐτὴν

159 711 214 775 καὶ
238 708 382 794 ἐφορῶν.
422 709 484 774 Res
507 710 578 774 ideo
601 710 755 793 imprimis
777 708 931 787 firmatur,
954 710 1039 795 quud
1061 710 1166 777 locum
1188 710 1327 795 Aeschy-

158 817 242 882 leum
263 817 405 882 atticista
428 838 467 882 ex
488 816 556 901 ipso
579 815 792 900 Aristophane
814 818 848 882 in
871 838 962 882 suum
984 838 1063 902 opus
1085 816 1267 895 transtulit,
1289 817 1325 883 cl

159 924 196 989 ir.
223 924 294 989 128.
317 927 381 988 not.
405 923 435 988 2.
460 961 501 971 -
529 923 626 989 Recte
653 923 752 1006 igitur
774 923 855 989 Nab.
873 923 956 989 Proh
976 924 1028 990 73.
1050 923 1198 1010 κρησέρα
1220 923 1326 989 Photii

159 1031 200 1097 ad
224 1029 468 1114 Aristophanem
491 1032 656 1095 revocavit.

247 1136 376 1203 Ceteros
407 1137 630 1220 Aristophanis
660 1136 772 1214 libros,
810 1139 955 1222 inprimis
993 1137 1072 1222 περὶ
1107 1136 1258 1202 παιδιῶν
1295 1141 1326 1202 et

159 1245 235 1331 περὶ
254 1243 463 1330 καινοτέρων
482 1243 616 1326 λέξεων,
638 1245 830 1329 perscrutari
847 1266 911 1310 non
929 1266 1008 1329 opus
1027 1250 1084 1310 est.
1120 1245 1272 1311 Fortasse
1293 1245 1326 1308 in

159 1352 295 1417 lexicis
313 1351 366 1417 hic
384 1351 450 1416 illic
468 1351 601 1417 laciniae
619 1350 775 1434 quaedam
798 1358 974 1436 supersunt
1006 1350 1171 1437 (Fortasse
1194 1349 1234 1418 fr.
1255 1350 1325 1415 143.

159 1453 320 1545 ἐγκοτύλη
349 1456 386 1522 cf.
413 1456 516 1534 Cohn,
540 1457 672 1524 Jahrbb.
695 1457 767 1523 XII.
791 1458 854 1522 377
881 1465 913 1525 et
935 1458 972 1523 ir.
992 1458 1060 1523 80².
1094 1447 1327 1542 α’σκοολιασμός

159 1564 197 1630 cf.
216 1563 312 1630 Oohn.
335 1564 355 1628 l.
374 1564 394 1628 l.
416 1586 446 1648 p.
465 1564 529 1628 366
558 1565 632 1630 inde
660 1563 847 1651 fluxerunt):
879 1586 980 1651 neque
1002 1570 1109 1631 minen
1132 1566 1214 1631 certi
1237 1565 1326 1650 quid·

160 1693 254 1756 quam
278 1675 418 1736 statuere
440 1671 609 1755 potuimus.

709 1941 782 2020 §2-

250 2099 363 2166 Altera
384 2121 458 2166 vero
481 2101 582 2165 oritur
605 2100 761 2184 quaestio:
793 2105 901 2164 utrum
922 2099 1082 2165 atticistae
1105 2099 1224 2181 omnia,
1250 2123 1330 2187 quac

162 2208 340 2284 attulimus,
373 2227 411 2272 ex
438 2206 651 2292 Aristophane
680 2207 834 2292 Byzantio
866 2207 934 2291 ipso
967 2205 1180 2272 derivaverint
1211 2209 1329 2274 necne?

162 2315 240 2382 Cum
263 2315 478 2400 fragmenta
499 2314 718 2381 tantummodo
736 2314 901 2398 utriusque
923 2314 1063 2379 auctoris
1085 2313 1178 2379 nobis
1201 2320 1330 2399 praesto

162 2425 235 2500 sint,
257 2444 308 2489 res
331 2425 372 2489 ad
396 2429 517 2488 certum
540 2424 698 2506 quendam
720 2419 815 2491 finem
838 2420 952 2487 deduci
975 2441 1038 2486 non
1059 2421 1188 2505 poterit.
1233 2422 1330 2489 For-

161 2535 265 2596 tasse
282 2551 369 2596 vcro
389 2550 432 2595 ax
451 2528 710 2613 Aristophane
728 2529 913 2613 Byzantio
936 2527 1121 2593 nonnulla
1142 2529 1190 2594 ad
1208 2529 1330 2615 Didy-

161 2659 256 2701 mum
271 2636 525 2713 transierunt,
543 2657 639 2719 quae
653 2636 753 2701 haud
769 2636 848 2701 scio
863 2657 908 2701 an
926 2657 969 2700 ex
986 2635 1096 2701 illius
1114 2635 1253 2702 lexicis
1271 2637 1331 2702 vel

162 2744 447 2809 commentariis
474 2743 675 2809 atticistae
702 2743 739 2807 in
767 2763 852 2808 suas
876 2742 1023 2826 opellas
1045 2742 1331 2809 transtulerint

162 2851 270 2916 Unum
292 2852 511 2916 tantummodo
536 2850 711 2933 exemplum
735 2851 792 2915 scd
813 2849 966 2914 memoria
983 2848 1202 2932 dignissimum
1224 2848 1332 2916 afferri

162 2962 275 3043 potest.

250 3066 304 3130 Ar.
327 3065 400 3148 Byz.
425 3065 550 3148 Fragm.
568 3063 678 3145 Par.§
703 3064 752 3128 13.
775 3063 832 3127 καὶ
854 3057 1086 3148 ααράνυμφος.
1120 3059 1331 3152 κυριώτερον

164 3172 199 3239 δὲ
226 3166 471 3257 παρανάμφιος.
518 3169 611 3236 Unde
638 3171 701 3236 iam
724 3169 836 3235 Nauck
857 3192 887 3254 p.
915 3170 985 3236 146.
1015 3169 1149 3236 coniecit
1176 3170 1218 3235 ab
1242 3172 1331 3239 Eust.

162 3303 190 3364 p.
210 3278 285 3356 652,
302 3278 355 3343 41.
384 3268 452 3364 (ὅτι
481 3277 516 3342 δὲ
539 3278 596 3342 καὶ
620 3272 814 3363 συγγενικόν
838 3274 929 3342 ἐστιν
952 3269 1060 3361 ὄνομα
1082 3315 1127 3325 -
1148 3279 1206 3344 καί
1235 3269 1289 3345 ὅτι
1312 3270 1331 3344 ὃ

162 3380 385 3471 παράννμφος
408 3380 615 3471 εἰκαιότερον
639 3376 730 3450 οὕτω
753 3384 918 3469 λέγεσθαι.
952 3374 1142 3469 ὀρθότερον
1169 3380 1233 3471 γάρ
1263 3383 1333 3452 ἐστι

162 3488 400 3578 καρανύμφιον
418 3496 596 3557 καλεῖσθαι
614 3485 677 3557 τὸν
696 3486 934 3575 συναπάγοντα
948 3497 998 3576 τῷ
1016 3491 1151 3575 νυμφίῳ
1169 3484 1233 3578 τὴν
1251 3488 1332 3576 νύμ-

163 3623 231 3686 φην
258 3591 278 3685 ἢ
306 3602 388 3683 πεζῇ
415 3591 435 3685 ἢ
464 3591 520 3683 ἐφ’
544 3590 682 3686 ἁμάξης,
710 3591 756 3676 ὡς
783 3589 866 3684 παρ’
889 3590 1091 3684 Ἀθηναίοις,
1114 3589 1177 3679 ὑφ’
1201 3586 1252 3664 οὖν
1275 3599 1332 3664 καὶ

162 3702 338 3792 πάροχος
351 3711 501 3771 καλεῖται
517 3697 571 3772 διά
585 3697 625 3771 τὸ
639 3701 748 3790 μόνον
765 3697 865 3782 αὐτὸς
884 3705 1141 3785 συναναβαίνειν
1159 3705 1218 3770 καὶ
1235 3696 1333 3790 ὄχον-

165 3814 255 3900 ιιένηο
278 3820 328 3900 τῷ
351 3814 485 3899 νυμφίῳ
508 3819 732 3899 παροχεϊσθαι
755 3851 798 3860 -
823 3813 980 3898 δηλοῦσιν
1003 3807 1036 3875 οἱ
1057 3811 1221 3898 παλαιοί.)
1258 3813 1332 3878 Ari-

163 3922 325 4006 stophanis
357 3921 472 3986 librum
504 3921 636 3987 allatum
667 3941 744 3986 esse.
791 3919 872 3985 Tota
902 3919 960 3984 illa
987 3918 1132 3985 doctriua
1158 3938 1259 4002 usqua
1291 3919 1334 3986 ad

164 4028 384 4113 etymologiam
402 4029 531 4094 transiit
549 4029 591 4093 ad
609 4029 846 4103 Pausaniam,
869 4027 907 4091 cf.
925 4027 1015 4093 Eust.
1032 4049 1063 4110 p.
1082 4025 1156 4103 833,
1174 4024 1228 4092 48.
1252 4027 1334 4114 φησί

162 4127 225 4220 γάρ
249 4128 268 4200 ὃ
292 4137 349 4215 Π.,
378 4126 431 4200 ὅτι
454 4133 491 4201 ἐν
513 4131 629 4220 γάμοις
655 4147 744 4220 τρεῖς
767 4132 822 4199 ἐπὶ
845 4125 968 4220 ἁμάξης
995 4128 1181 4219 ἐκάθηντο,
1207 4132 1291 4221 μέση
1312 4125 1333 4222 ἡ

163 4237 287 4327 νύμφη,
310 4237 496 4327 ἑκάτερθεν
515 4242 551 4308 dt
571 4234 589 4308 ὃ
613 4237 755 4327 νύμφιος
777 4242 834 4306 καὶ
858 4232 876 4306 ὃ
900 4236 1089 4326 πάροχος,
1112 4241 1210 4323 φίλος
1233 4229 1335 4320 οὗτος

163 4345 183 4417 λ’
208 4340 365 4437 συγγενὴς
388 4341 407 4414 ὃ
429 4344 571 4433 μάλιστα
594 4346 781 4435 τιμώμενος
804 4349 861 4415 καί
879 4341 1107 4435 άγαποάμενος.
1129 4387 1169 4396 -
1194 4346 1252 4414 ἐπὶ
1267 4354 1331 4414 τοῦ
