3000 5040
627 206 752 327 25⁶

64 421 121 484 dat
121 440 167 495 ur,
189 424 226 484 ut
212 419 338 487 thuius
356 421 455 487 doct'
415 427 499 487 trma
517 423 661 507 Dionysii
680 423 785 488 verbis
809 425 947 507 opponat
948 444 1000 487 ur:
1024 422 1139 487 deinde
1158 444 1230 488 vero

65 551 84 592 0
109 526 228 593 ειποον
252 526 353 593 πέντε
376 526 525 615 κέλητας,
548 530 575 594 si
597 551 688 595 voces
706 530 825 595 10010
807 552 849 594 m
872 551 968 595 unam
990 527 1232 616 πεντεκέλητας

65 636 267 715 contraxeris,
291 635 375 701 idem
398 630 602 720 astatque
588 660 607 702 ο
629 632 840 722 γράψας(τ-
859 636 924 702 Ael.
943 635 1058 722 Dion.‚)
1076 657 1169 721 quem
1192 639 1232 701 de

20 766 28 779 ··
65 739 183 806 talibus
202 726 383 825 compositis
402 745 503 826 egisse
522 765 561 808 ex
578 743 616 808 11.
639 743 709 808 153.
727 741 926 829 πεντέπηχυ
941 747 1010 808 κτλ.
1030 750 1151 810 eertum
1169 749 1231 809 est:

65 853 224 932 postremo
252 854 358 914 autem
385 849 553 933 utrobique
587 849 834 938 ἐπακτροκέλης
861 872 967 916 vocem
993 850 1105 927 habes,
1137 872 1232 934 quam

65 955 228 1039 episcopus
247 976 280 1019 se
299 956 383 1039 apud
402 956 468 1021 Ael.
489 958 578 1022 Dion.
599 957 700 1022 solum
721 958 877 1023 invenisse
895 962 1040 1023 testatur.
1058 997 1102 1006 -
1124 957 1232 1022 Lexici

64 1062 215 1128 rhetorici
238 1068 398 1128 auctorem
416 1063 449 1127 in
467 1085 496 1146 p.
516 1064 578 1128 871
599 1063 763 1129 laudatum
781 1064 971 1129 Pausaniam
993 1086 1060 1130 esse
1078 1066 1232 1148 suspicari

64 1171 281 1235 tantummodo
304 1169 392 1247 licet,
415 1171 499 1254 quod
522 1171 616 1253 plane
639 1171 799 1254 conspirat
821 1193 892 1236 cum
915 1170 1006 1236 Aelio
1029 1171 1186 1257 Dionysio.

154 1276 236 1343 Care
258 1282 364 1343 tamen
387 1277 480 1342 nimis
503 1276 620 1342 talibus
643 1277 819 1343 rationibus
842 1277 937 1344 fidem
959 1278 1118 1344 tribueris.
1164 1279 1231 1344 Iam

65 1407 161 1469 supra
177 1407 207 1468 p.
229 1384 278 1450 14.
297 1389 408 1450 000110
426 1384 622 1468 disputatum
640 1388 703 1457 esta
726 1384 903 1468 exemplum
922 1389 1072 1468 sequatur
1080 1384 1230 1450 ‘luculen-

64 1497 141 1568 tum,
164 1498 200 1557 ut
223 1496 429 1574 cognoscatur
452 1491 548 1556 etiam
570 1491 688 1575 Koppii
711 1489 766 1578 (de
784 1490 925 1556 Ammon.
944 1497 977 1556 et
999 1496 1072 1557 cett.
1092 1491 1230 1557 distinct.

64 1621 172 1684 synon.
187 1599 367 1684 Regimonti
385 1597 484 1684 1883)
498 1598 780 1675 ratiocinationem,
793 1621 823 1681 p.
839 1598 888 1663 16.
899 1599 1054 1683 prolatam
1068 1599 1231 1682 „protinus

64 1707 144 1772 mihi
161 1707 312 1791 persuasi,
335 1704 539 1770 Eustathium
560 1743 600 1752 -
619 1705 661 1771 ad
679 1711 797 1770 certam
815 1705 947 1770 classem
964 1705 1117 1771 librorum
1141 1726 1229 1790 spec-

65 1820 135 1880 tare
153 1810 784 1899 (1.0.οᾶ0010110010οΗ0111011000)“000
802 1812 931 1877 meliore
949 1813 997 1877 uti
1017 1812 1231 1889 fundamenta

64 1943 159 2006 quam
190 1921 370 2004 opinionem
398 1918 526 2002 Preyeri
554 1940 648 2002 supra
678 1941 707 2002 p.
744 1921 793 1984 19.
824 1919 961 1984 allatam.
1016 1919 1110 2003 Apud
1141 1920 1229 1984 Eust.

62 2051 92 2113 p.
112 2027 186 2103 956,
212 2028 227 2091 1
254 2028 337 2092 enim
360 2027 505 2109 legimus:
529 2025 641 2091 ἰστέον
665 2018 743 2091 δὲζ
720 2050 766 2104 οις
788 2018 1002 2111 πολλαχῶς(
987 2051 1005 2091 ο
1030 2017 1152 2111 ζυγὸς.
1178 2016 1230 2090 διὸ

63 2125 180 2199 καὶτὰ
201 2125 263 2198 ἄπ
282 2126 387 2198 αὐτοῦ
406 2127 564 2218 διάφορα·
589 2125 685 2218 ζυγὸς
703 2125 765 2219 γὰρ
785 2131 911 2214 ἵππιον,
931 2125 1017 2199 ὅθεν
1036 2130 1127 2197 xat'
1112 2155 1231 2209 ιππος

62 2237 210 2326 ζύγιος,
238 2232 334 2325 ζυγὸς
360 2245 454 2320 βοοον
481 2241 538 2304 καὶ
565 2236 732 2306 τοιούτων
759 2248 879 2321 τινῶν,
906 2233 969 2323 ἀφ’
992 2241 1031 2305 oc‘
1060 2246 1231 2324 τροπικῶς

63 2346 97 2414 οἱ
121 2341 308 2434 ὃμόζυγοι
332 2349 388 2411 καὶ
409 2338 450 2412 τὸ
470 2342 674 2431 διαζύγιον
696 2349 753 2412 καὶ
770 2340 810 2413 τὸ
830 2353 1077 2432 ζυγομαχεῖν,
1101 2336 1119 2411 ὃ
1114 2339 1230 2410 ’ἐστιν

63 2448 257 2541 α’ντερὶζειν.
304 2446 419 2539 ζυγὸς
448 2454 504 2520 ἐπὶ
528 2460 695 2538 σταθμοῦ,
722 2446 807 2520 καθ’
832 2478 873 2520 ον
896 2459 1231 2539 ζυγοστατοῦντες

62 2563 218 2647 λέγονται
249 2554 377 2628 ἀδικεῖν
409 2583 497 2640 τινες
529 2559 566 2625 ἐν
599 2565 716 2644 ζυγοῖς.
759 2583 822 2644 seq.
846 2562 883 2627 fr.
910 2563 982 2626 188
1006 2582 1045 2625 cx
1072 2560 1230 2625 Pausania

60 2670 145 2754 petit
144 2669 243 2755 um1).
288 2670 396 2735 Doct'
356 2674 454 2745 trina,
480 2673 624 2753 praesert
625 2669 668 2732 im
694 2669 721 2732 si
743 2667 817 2751 Cap.
840 2668 898 2735 III.
923 2668 1162 2743 examinaveris,
1192 2688 1231 2730 ex

61 2775 275 2842 atticistarum
298 2776 421 2842 scriniis
445 2776 610 2860 depromta
632 2796 700 2840 esse
723 2775 809 2839 videt
795 2779 847 2838 tur
874 2773 927 2860 (f
952 2775 1097 2858 Heyden,
1126 2773 1230 2856 Leipz.

62 2883 153 2948 Stud.
177 2882 262 2949 VIII.
283 2883 373 2968 210),
396 2882 529 2948 fortasse
552 2882 727 2948 Pausaniae
751 2886 941 2965 excerptum.
982 2883 1045 2946 Res
1064 2901 1101 2946 eo
1123 2880 1228 2946 fulciri

61 2990 202 3066 videtur,
237 2990 320 3072 quod
352 2989 508 3073 plurimae
538 2987 834 3073 lexicographorum
870 2988 992 3071 glossae
1028 3009 1099 3052 cum
1133 2988 1230 3053 allato

61 3097 132 3163 loco
160 3096 336 3162 concinunt.
382 3095 492 3179 Neque
523 3102 630 3162 tamen
661 3117 713 3161 res
745 3117 778 3160 se
810 3094 858 3161 ita
888 3094 993 3160 habet.
1042 3093 1230 3178 Saepissime

62 3204 147 3268 enim
176 3203 215 3268 dc
243 3194 343 3286 ζυγὸς
369 3202 521 3268 vocabulo
548 3203 712 3286 episcopus
744 3202 824 3286 agit:
857 3222 964 3267 omnes
990 3221 1064 3266 vero
1096 3201 1157 3266 loci
1189 3201 1231 3265 ad

61 3310 183 3374 fontem
211 3310 368 3393 quendam
394 3309 542 3387 redeunt,
569 3312 657 3374 cuius
684 3310 723 3375 de
750 3311 877 3374 nomine
905 3309 992 3374 Eust.
1020 3329 1077 3374 nos
1109 3308 1230 3384 celavit,

60 3417 196 3482 fortasse
221 3417 304 3500 quod
327 3416 388 3501 ipsi
411 3418 554 3500 ignotum
573 3423 649 3482 erat.
687 3417 813 3501 Optime
835 3420 942 3482 autem
959 3417 1002 3480 ad
1023 3417 1048 3480 Δ
1073 3415 1144 3480 167.
1163 3435 1231 3478 rem

61 3523 214 3607 explicat:
246 3545 276 3606 p.
299 3523 379 3600 460,
403 3524 453 3588 30.
477 3524 532 3588 ubi
560 3513 718 3608 ὑψίζυγος
741 3523 800 3610 (=
822 3524 850 3589 is
873 3524 927 3606 qui
955 3543 1089 3607 superne
1116 3521 1231 3586 libram

60 3630 166 3715 tanet)
185 3631 367 3714 explicatur.
403 3630 524 3695 Deinde
542 3631 661 3714 pergit:
685 3629 851 3707 sicandro
871 3629 907 3696 δὲ
926 3621 1187 3695 ὑπεναντιοῦται
1210 3618 1229 3691 ὃ

152 3864 174 3930 1)
193 3863 232 3917 M.
252 3861 383 3917 Schmidt.
402 3862 466 3916 Did.
485 3879 512 3931 p.
533 3863 592 3917 107.
612 3878 645 3916 ex
670 3877 804 3916 consensu
827 3861 930 3917 Scholii
954 3861 1035 3930 Soph.
1058 3859 1158 3914 Trach.
1178 3860 1230 3914 692

63 3954 99 4021 (p.
118 3953 179 4007 318.
204 3952 374 4020 Papageorg)
404 3967 465 4006 cum
488 3952 553 4005 Hes.
578 3956 607 4004 et
630 3951 674 4004 Et.
693 3951 730 4004 M.
749 3951 815 4016 412,
834 3952 876 4005 28.
913 3951 1062 4020 Didymum
1089 3951 1230 4003 auctorem

61 4040 200 4110 agnoseit,
225 4039 303 4094 cuius
325 4040 443 4109 uestigia
467 4039 617 4095 Pausanias
640 4039 781 4108 presserit.
801 4071 835 4078 -
854 4039 1037 4108 EtymologIci
1059 4038 1179 4108 glossam
1200 4037 1231 4090 in

62 4130 130 4184 duas
149 4132 243 4199 partes
268 4129 369 4194 secuit,
394 4145 507 4197 quarum
531 4131 648 4183 alteram
672 4134 753 4199 etym.
774 4144 809 4183 ex
827 4128 998 4197 Diogeniano
1021 4130 1161 4183 mutuatus
1185 4126 1229 4192 sit,

64 4219 181 4274 alteram
200 4217 358 4273 Methodius
373 4219 405 4286 (2)
425 4234 460 4273 ex
479 4217 569 4273 lexico
587 4218 725 4272 rhetorico
744 4216 935 4286 descripserit:
955 4219 1027 4286 quod
1045 4216 1107 4272 fieri
1125 4215 1229 4285 nequit,

63 4325 123 4364 cum
143 4307 240 4363 eadem
259 4307 350 4377 glossa
369 4312 446 4363 extet
465 4323 510 4378 ap.
529 4307 608 4362 Phot.
635 4306 723 4362 Recte
742 4306 827 4376 igitur
844 4307 961 4377 Heyden
979 4305 997 4360 l.
1015 4305 1034 4360 l.
1053 4309 1139 4361 totam
1158 4306 1229 4374 glos-

60 4413 120 4452 sam
137 4396 294 4468 Etymologi
313 4412 348 4451 ex
368 4397 422 4452 lex.
442 4399 513 4452 rhet.
532 4395 650 4467 petitam
669 4398 705 4452 ad
723 4397 888 4453 Pausaniam
907 4394 1024 4452 rettulit.
