3000 5040
627 193 670 257 53

65 354 110 419 cis
127 358 256 437 praesto
274 352 381 430 fuisse,
400 353 515 436 quibus
534 353 621 419 Eust.
641 374 698 418 nos
717 375 824 418 carere
842 355 953 431 uoluit,
973 355 1128 422 discimus.
1155 355 1231 421 Tria

63 466 171 526 autem
194 466 276 538 sunt,
299 482 381 544 quae
404 461 490 544 apud
512 461 600 526 Eust.
623 462 670 526 ita
692 462 875 538 laudantur,
898 468 934 526 ut
957 463 996 527 de
1018 462 1230 545 Aristophane

63 572 194 634 auctore
217 566 359 633 dubitari
381 588 445 633 uon
467 570 577 651 possit,
600 573 632 633 et
655 589 736 652 quae
759 568 845 652 apud
867 571 1024 634 atticistas
1046 571 1192 635 redeunt:

156 674 189 761 1)
217 666 496 757 ἄνασεισίφαλλος
505 677 531 762 1)
559 674 613 761 (ef.
635 698 664 760 p.
691 675 784 753 1329,
808 676 859 741 33.
885 676 980 752 1921,
1003 676 1061 762 65)
1085 677 1121 742 cf.
1142 677 1229 743 Eust.

61 804 93 866 p.
119 781 218 858 1413,
242 781 294 847 37.
318 822 360 830 -
383 774 422 847 Ἀ.
447 783 480 848 Δ.
501 823 543 830 -
567 784 622 847 καὶ
651 774 925 865 ἄνασεισίφαλλοι
952 778 1157 867 φεριονδμοος
1180 783 1230 848 λέ-

61 911 181 974 γονται
203 881 294 975 παρὰ
317 897 358 973 τῇ
380 890 541 977 κωμῳδίᾳ
565 882 612 967 ὡς
635 881 863 968 οἷνασεὶουσαί,
887 904 982 976 φησι,
1003 880 1066 955 τὸν
1089 885 1229 976 φάλητα.

64 993 118 1080 (fr.
141 995 227 1081 152.)

152 1103 188 1189 2)
212 1101 377 1182 εἱλίποδες
395 1105 448 1191 (ef.
466 1127 495 1188 p.
515 1104 608 1181 1922,
630 1104 671 1190 1).
690 1103 728 1168 ef.
743 1103 887 1168 Eustath.
902 1127 931 1188 p.
954 1104 1047 1179 1394,
1065 1104 1117 1168 41.
1141 1106 1230 1168 Hav-

62 1211 180 1287 σανίας
208 1209 245 1276 δὲ
272 1210 359 1295 λέγει
386 1223 545 1296 γυναῖκας
574 1207 744 1288 εἰλίποδας
767 1203 820 1276 διὰ
842 1202 905 1296 τὴν
929 1207 1058 1277 ένδεσιν
1079 1217 1151 1275 τῶν
1173 1235 1230 1298 μη-

62 1323 145 1402 ρῶν.
171 1316 222 1403 (fr.
244 1317 331 1404 154.)

153 1423 189 1510 3)
213 1424 462 1511 σποδησιλαῦρα
489 1424 542 1510 (ef.
565 1447 595 1508 p.
622 1425 720 1502 1088,
744 1423 795 1490 35.
821 1425 915 1501 1921,
937 1424 989 1490 58.
1012 1424 1187 1490 τουτέστιν
1209 1417 1229 1510 ἡ

61 1526 190 1617 πόρνη,
217 1531 378 1618 λεγομένη
406 1522 497 1596 οὕτω
524 1523 616 1617 παρὰ
643 1523 683 1597 τὸ
708 1532 889 1615 διατρίβειν
918 1529 955 1596 έν
982 1543 1053 1608 ταῖς
1077 1524 1183 1611 ὁδοῖς,
1210 1523 1230 1617 ἢ

61 1639 121 1703 καὶ
140 1639 281 1727 δημοσίᾳ
301 1638 562 1723 συμπλέκεσθαι,
586 1630 632 1716 ὥς
651 1655 754 1720 φασιν
773 1635 806 1703 οἱ
827 1640 975 1704 παλαιοί.
999 1629 1039 1703 τὸ
1062 1629 1124 1723 γὰρ
1149 1656 1230 1704 σπο-

63 1745 198 1810 δεῖσθαι
216 1746 274 1810 καὶ
292 1743 348 1811 aar
364 1747 484 1831 μίξεως
502 1747 642 1811 τίθεται.
675 1746 777 1810 Loeus
796 1751 845 1810 est
862 1746 1085 1822 memorabilis,
1104 1767 1175 1810 eum
1193 1767 1230 1810 ex

60 1856 155 1936 parte
174 1852 341 1918 cohaereat
359 1875 429 1918 eum
447 1853 485 1919 fr.
504 1853 578 1918 406.
604 1851 645 1917 έν
665 1852 705 1917 δὲ
723 1857 897 1934 λεξικοῖς
915 1849 1146 1939 ῥητορικοῖς
1164 1852 1230 1936 φέ-

61 1981 177 2045 ρεται
194 1961 251 2024 καί
270 1951 323 2026 ὅτι
341 1964 479 2046 λαῦρα·
502 1953 522 2048 ἦ
543 1951 662 2044 οἷμάρα.
686 1961 744 2024 καὶ
759 1951 811 2024 ὅτι
825 1964 958 2045 λαῦραιΙ
983 1955 1092 2045 ῥύμαι,
1111 1967 1231 2044 κῶμαι,

61 2067 243 2147 στενωποὶ,
265 2058 441 2151 ὑπόνομοι.
466 2064 635 2132 σύνθετον
655 2065 691 2132 δε
709 2072 768 2152 τῆς
786 2062 910 2151 λαύρας
928 2068 985 2131 καὶ
1002 2060 1023 2153 ἦ
1043 2068 1230 2154 σαοδησι-

61 2178 188 2260 λαῦρα
206 2179 275 2239 κτλ.
309 2175 429 2239 Eodem
446 2175 540 2238 modo
564 2196 633 2239 cum
656 2179 763 2260 λαῦρα
785 2195 845 2239 vox
867 2174 923 2238 illa
945 2176 1112 2240 coniuncta
1134 2195 1230 2258 appa-

61 2286 113 2346 ret
135 2303 165 2364 p.
187 2282 280 2358 1033,
299 2282 351 2346 62.
383 2281 459 2346 Ideo
482 2281 569 2346 locus
592 2282 647 2346 ille
669 2281 920 2364 Aristophaneus
943 2281 984 2346 ab
1007 2281 1155 2346 atticistis
1178 2303 1231 2345 ex-

62 2393 191 2471 eerptus
214 2393 270 2455 est.
290 2427 331 2436 -
351 2388 433 2455 Casu
456 2387 575 2454 factum
598 2394 655 2465 est,
678 2390 762 2473 quod
784 2409 874 2454 voees
893 2389 926 2451 iu
944 2387 988 2453 M.
1007 2393 1149 2453 servatae
1167 2409 1231 2453 nen

60 2496 148 2579 apud
167 2495 255 2561 Euat.
274 2517 313 2561 ex
334 2496 485 2562 atticistis
502 2496 687 2562 laudantur:
713 2490 832 2582 μισητή
855 2517 905 2579 ap.
923 2495 1014 2561 Phot.
1034 2493 1119 2560 Suid.
1138 2496 1230 2560 redit.

61 2606 188 2667 ceterae
205 2602 321 2686 passim
339 2605 424 2687 apud
439 2602 531 2669 Phot.
547 2602 632 2668 Suid.
648 2608 768 2668 eeteros
783 2602 1022 2687 lexicographos
1036 2607 1229 2685 repetuntur.

151 2709 188 2794 4)
212 2707 268 2774 ἐπὶ
291 2707 576 2797 έκδεδιητημένων
599 2712 655 2775 καὶ
679 2707 945 2796 έξηταιρημένοιν
967 2701 1112 2794 ἀνδρῶν.

153 2811 399 2902 λευκόκυγος
418 2808 436 2882 ὃ
457 2810 636 2903 ἄνανδρος·
661 2818 717 2881 καὶ
736 2812 880 2900 έμπαλιν
899 2812 1113 2900 μελάμπυγος
1131 2807 1150 2880 δ
1170 2806 1229 2880 οἷν-

62 2923 181 3008 δρεῖος.

153 3030 191 3096 ef.
214 3031 303 3096 Euat.
326 3054 356 3115 p.
375 3030 451 3109 455,
474 3031 515 3095 37
545 3031 598 3117 (fr.
619 3031 698 3116 248)
727 3027 765 3095 ἒν
792 3029 929 3116 θατέρῳ
955 3029 1017 3114 μὲν
1044 3015 1151 3094 κεῖται
1174 3029 1229 3114 (se.

59 3139 124 3203 lex.
146 3137 242 3226 rhet.)
266 3129 319 3205 δτι
342 3140 456 3204 λευκοὶ
479 3135 512 3202 οἱ
536 3139 641 3203 δειλοὶ
664 3139 720 3202 καί
743 3134 927 3203 λευκώιιιοι
951 3137 1065 3223 (Meter
1088 3132 1228 3201 λευκό-

59 3267 183 3329 πυγοι
205 3244 242 3311 ef.
261 3245 367 3332 Phot.)
387 3242 420 3310 οἱ
443 3238 548 3311 αδτοί.
574 3245 611 3310 ef.
631 3245 721 3310 Phot.
741 3240 979 3330 λευκοπύγους.

152 3351 298 3418 Fortasse
317 3348 458 3437 κδλλοιψ
477 3354 561 3437 apud
580 3353 737 3417 atticistas
755 3353 852 3416 rediit
871 3351 909 3418 ef.
928 3352 1017 3418 Eust.
1035 3374 1064 3434 p.
1086 3350 1181 3427 1915,
1200 3351 1229 3414 6.

60 3458 114 3546 (fr.
134 3459 223 3545 234.)

152 3565 189 3652 5)
212 3564 259 3643 είς
279 3559 457 3653 πονηροὺς.
482 3565 573 3653 (Mill.
591 3588 621 3650 p.
640 3564 841 3651 416-419).

157 3675 346 3757 Τελχῖνες·
367 3670 400 3738 οἱ
412 3674 553 3757 ψογεροὶ
567 3675 623 3737 καὶ
636 3668 753 3758 γόητες
767 3673 821 3736 καί
839 3667 1008 3755 φάρμακοι
1027 3709 1069 3718 -
1087 3669 1176 3746 τινες
1195 3663 1229 3734 δ’

62 3771 188 3856 αὐτοὺς
205 3772 298 3865 παρὰ
315 3771 355 3845 τὸ
374 3780 509 3864 θέλγειν
531 3775 718 3864 Θελγῖνοίς
737 3795 849 3861 φασιν.
874 3777 910 3842 cf.
926 3776 1069 3842 Eustath.
1083 3799 1112 3860 p.
1135 3777 1228 3854 1391,

64 3888 115 3952 17.
135 3885 188 3972 (fr.
206 3886 287 3970 436)
319 3890 532 3971 Τελχῖνες-
554 3879 638 3972 παρ’
662 3881 711 3963 οἷς
734 3887 790 3950 καὶ
813 3890 965 3969 θελγῖνες
992 3883 1154 3967 λέγονται.
1188 3882 1228 3948 ἐν

61 4001 159 4078 γοῖν
182 3989 381 4080 ῥητορικῷ
404 3999 548 4080 λεξικηδ
574 3986 674 4059 κατὰ
703 4005 901 4077 στοιχεῖον
928 3986 1116 4075 προϊόντι
1138 3986 1228 4076 γρά-

62 4122 194 4184 φεται·
230 4102 425 4185 Θελγῖνες.
453 4096 580 4188 γόητες,
603 4096 774 4186 φάρμακοι
797 4099 834 4164 ef.
854 4098 891 4162 fr.
911 4098 984 4164 436.
1005 4106 1069 4164 not.
1088 4099 1116 4164 2.

154 4245 174 4312 ¹)
193 4242 308 4299 Glossae
320 4245 350 4298 in
363 4243 502 4313 excerptis
515 4243 735 4312 Aristophaneo,
754 4257 824 4311 quae
837 4241 914 4296 Eust.
928 4241 1023 4309 tradit,
1042 4239 1228 4312 explicatione

61 4339 168 4388 carent.
