3000 5040
721 247 786 314 215

165 394 327 471 τιωτικόν
351 399 499 490 σύστημα
518 443 560 454 -
579 397 664 471 άλλά
686 409 743 472 καὶ
767 400 786 473 ὃ
806 399 957 494 άράχνης.
982 399 1090 491 [παρά
1108 418 1179 485 τοῖς
1197 399 1338 494 ὕστερον

165 501 209 577 ού
230 505 339 594 μόνον
358 502 377 576 ὅ
395 511 528 594 μείζων,
552 502 637 577 άλλά
655 514 712 578 καὶ
731 505 749 578 ὁ
769 505 1055 598 ὑποκοριζόμενος
1078 512 1124 591 εἰς
1143 511 1338 600 φαλάγγιον,

166 608 214 695 ῶς
250 617 348 703 δηλοῖ
376 613 543 700 Ξενοφῶν
579 616 617 684 ἐν
652 633 723 697 τοῖς
755 613 833 685 κατ’
861 612 968 687 αύτὸν,
998 613 1338 707 ύπομνημονεύμασιν

166 722 359 810 (1.3,12.)].
399 730 458 810 τῆς
486 723 521 789 δὲ
548 721 704 812 τοιαύτης
726 723 895 810 φάλαγγος
920 727 1036 809 συχναί
1058 726 1120 810 μὲν
1144 723 1179 792 αἱ
1200 724 1338 813 χρήσεις.

166 826 306 907 Αἴλιος
324 828 360 894 δὲ
378 825 588 910 Διονύσιος
604 827 747 918 παράγει
765 828 926 919 τοιαύτην
945 830 983 898 ἐκ
1001 840 1064 898 τοῦ
1082 842 1234 917 κωμικοῦ
1247 830 1338 901 Πλά-
1366 853 1379 891 ⁵

166 957 277 1014 τωνος
295 927 440 1019 (Ἑλλάδι
462 936 499 1002 fr.
519 937 570 1002 22.
590 938 739 1022 Kook.)²)

328 1041 453 1122 εἴξασιν
474 1036 554 1128 ἡμῖν
576 1041 610 1108 οἱ
632 1041 731 1128 νόμοι
754 1041 904 1111 τούτοισι
926 1059 1014 1111 τοῖσι
1037 1050 1171 1122 λεπτοῖς

327 1139 506 1235 ἀραχνίοις,
530 1139 572 1214 άν
594 1161 682 1216 τοῖσι
704 1153 828 1236 τοίχοις
850 1145 871 1238 ἦ
895 1147 1026 1237 φάλαγξ
1047 1144 1191 1234 ὑφαίνει.

166 1247 266 1341 τῆν’)
299 1253 335 1320 δὲ
367 1250 502 1321 έννοιαν
533 1257 672 1334 πλείους
704 1257 751 1334 είς
782 1249 844 1323 τὸν
871 1254 1016 1345 Σκύθην
1045 1250 1227 1341 ἀνάγουσιν
1249 1252 1337 1326 Άνά-

250 1383 292 1427 ιν.
1354 1385 1378 1423 ιο

163 1377 331 1533 χαρσδῙύ.
354 1466 472 1534 Schol.
492 1469 592 1536 Hom.
613 1470 652 1534 11.
674 1473 708 1535 0.
729 1471 793 1535 705
813 1471 904 1555 (Ven.
923 1470 975 1553 A.)
995 1468 1130 1555 σχόλιον
1149 1469 1206 1555 (ad
1226 1463 1338 1536 ω’κυά-

165 1572 244 1660 λου)
267 1566 465 1641 έπιθετικόν
487 1566 549 1661 γάρ
573 1567 615 1641 ὃν
639 1571 845 1642 δασύνεσθαι
869 1569 1022 1658 ὤφειλεν.
1056 1568 1141 1641 άλλά
1163 1584 1281 1657 τοῦτο,
1310 1576 1339 1643 εί

166 1676 338 1748 σύνθετον
358 1669 411 1768 ἦν,
434 1679 566 1766 ἐγένετο
591 1674 641 1748 άν.
666 1689 731 1747 νῦν
754 1683 805 1763 δὲ,
829 1676 875 1760 ῶς
899 1681 936 1748 ἐν
958 1696 1029 1760 τοῖς
1053 1676 1125 1748 άνοο
1149 1679 1254 1763 εἶπεν,
1276 1708 1337 1749 πα·

164 1778 321 1873 ραγοογὴν
345 1783 441 1868 ἔλαβε
464 1795 522 1874 τῆς
545 1793 624 1866 αλος
642 1781 729 1854 κατά
747 1781 924 1875 παρολκὴν
942 1788 1101 1876 κειμένης.
1131 1786 1339 1868 Διονύσιος

167 1892 208 1960 δὲ
241 1884 609 1979 ύἈλικαρνασσεύς
641 1895 682 1961 ἐν
714 1893 892 1981 τετάρτῳ
915 1888 1100 1962 Ἀττικῶν
1128 1889 1378 1982 ύνομάτωνιε

166 1990 277 2077 ούτως
295 1996 371 2087 ἔφη·
396 1997 626 2087 φίλίπποςῑ)
645 2001 707 2087 μὲν
726 2008 784 2088 τῆς
805 2002 905 2088 μέσης
924 2003 1152 2090 δασυνομένης
1173 1995 1213 2069 τά
1236 2020 1338 2088 προσ-

164 2097 335 2193 ηγορικὸν.
360 2097 471 2185 ούτοος
487 2098 549 2193 γάρ
568 2109 626 2173 καὶ
645 2106 682 2174 έν
704 2111 800 2195 Τηρεῖ
815 2107 1037 2190 Σοφοκλέους
1055 2109 1108 2193 (fr.
1123 2110 1198 2174 523.
1214 2109 1339 2197 Nauck)

165 2202 474 2298 άναγιγνῶσκομεν·

369 2309 442 2406 ἥλιε
465 2321 641 2402 φιλίπποις
669 2323 772 2406 Θρηξὶ
793 2320 996 2406 πρέσβιστον
1019 2321 1125 2399 σέλας.

170 2426 340 2504 Φίλιππος
367 2425 403 2492 δὲ
425 2430 534 2510 ψιλῶς
557 2418 576 2492 ὁ
600 2419 776 2493 Μακεδών.
819 2429 876 2492 καὶ
903 2419 1057 2506 ω’κύαλος
1082 2427 1145 2512 μὲν
1169 2427 1296 2507 δασέως
1318 2421 1379 2516 ἡεο

167 2539 259 2612 ναῦς,
281 2536 389 2616 ψιλῶς
412 2532 449 2598 δὲ
473 2524 492 2598 ὁ
516 2524 610 2619 άνὴρ.

372 2627 463 2724 ὦρτο
485 2639 548 2724 μὲν
569 2631 746 2723 Ἀκρόνεώς
768 2661 805 2704 τε
828 2641 885 2704 καί
907 2631 1064 2716 Ὠκύαλος
1087 2640 1128 2726 (d
1155 2639 1232 2727 111)

167 2742 330 2822 ἐναντίως
354 2744 389 2811 δὲ
413 2737 432 2811 ὃ
452 2738 700 2832 Ἡρωδιανόςλ).

257 2851 331 2916 317.
358 2851 531 2916 Eustath.
547 2854 594 2918 ad
609 2853 711 2936 Diog.
727 2852 868 2937 Perieg.
887 2875 917 2938 p.
937 2852 1011 2918 912.
1040 2851 1178 2930 Αίλιος
1198 2850 1238 2917 δὲ
1253 2851 1339 2916 Διο-

166 3031 202 3098 gl.
222 3030 262 3097 5.,
286 3028 321 3084 cf.
344 3029 459 3084 Aristot.
479 3029 512 3084 H.
532 3033 565 3084 A.
585 3030 606 3084 1.
628 3031 669 3084 15.
693 3029 761 3084 Poll.
780 3030 815 3083 11.
837 3030 914 3089 1459.
939 3023 1009 3084 ένιοι
1032 3031 1081 3084 καί
1104 3024 1138 3084 τὸ
1162 3023 1340 3099 στρογγύλον

167 3113 260 3184 ξύλον.
279 3120 328 3173 καί
342 3113 507 3188 σύμμετρον
522 3112 682 3189 φαλάγγιον
699 3116 814 3187 λέγεται
832 3120 881 3172 καί
900 3121 952 3173 τοῦ
970 3120 1058 3188 ζυγοῦ
1076 3112 1091 3173 ὃ
1111 3113 1207 3173 κανὼν
1226 3111 1340 3188 φάλαγξ

167 3208 217 3262 καί
235 3204 283 3263 ἐπὶ
300 3210 350 3276 τῆς
368 3203 440 3273 νεὼς
458 3200 474 3275 ἡ
490 3202 642 3278 διαβάθρα.
662 3209 711 3261 καί
726 3200 741 3261 ὃ
761 3201 885 3277 ἀράχνης
902 3205 941 3271 δέ,
961 3199 995 3262 ίίν
1014 3201 1083 3262 ἔνιοι
1097 3203 1265 3278 φαλάγγιον.
1285 3221 1339 3274 (ευ.

166 3295 212 3350 ut.
231 3297 270 3351 M.
290 3311 364 3366 sequ.
384 3298 447 3364 θηλ.
468 3288 484 3351 δ
503 3290 548 3366 άρ.
570 3296 622 3351 Πλ.
634 3287 707 3354 (Ἐλ.)
730 3298 778 3350 καί
798 3293 825 3351 ot
843 3290 968 3365 κόρακες
991 3295 1021 3351 δὲ
1046 3293 1116 3366 παρ’
1133 3293 1264 3359 Ἀττικοῖς
1288 3314 1340 3365 φα-

166 3379 278 3456 λάγγια.
308 3384 385 3454 Quae
408 3401 444 3439 ex
468 3387 599 3440 παλαιῶν
618 3385 744 3439 doctrina
761 3394 927 3455 repetuntur
945 3403 990 3455 ap.
1009 3387 1087 3440 Eust.
1106 3402 1133 3456 p.
1153 3388 1213 3450 469,
1236 3385 1284 3450 15„
1304 3384 1339 3440 of.

166 3490 193 3543 p.
216 3475 275 3538 140,
294 3475 318 3529 9.
338 3475 399 3536 985,
419 3474 462 3528 42.

257 3563 278 3627 ²)
297 3563 374 3616 Eust.
394 3563 491 3617 habet:
522 3559 651 3618 έοίκασιν
673 3556 740 3630 ἡμῖν
760 3558 787 3617 οἱ
806 3558 889 3629 νόμοι
912 3569 987 3617 τοῖσι
1006 3565 1120 3626 λεπτοῖς
1138 3557 1296 3632 ἀραχνίοις,
1321 3552 1340 3616 ά

166 3657 241 3706 τοῖσι
260 3651 367 3721 τοίχοις
385 3645 401 3718 ἡ
421 3645 534 3722 φάλαγξ
548 3645 669 3720 ὑφαίνει.
695 3651 792 3706 Coboti
807 3653 887 3718 (Plat.
903 3652 976 3707 Com.
993 3653 1061 3706 tutu
1081 3651 1238 3704 tetrametri
1251 3650 1340 3720 magis

169 3741 336 3809 placuerunt
355 3757 437 3809 quam
457 3741 584 3805 trimetri,
605 3756 672 3808 quos
691 3740 814 3794 Kockius
833 3756 983 3808 agnoscere
1002 3739 1056 3792 sibi
1077 3739 1149 3792 visus
1169 3743 1218 3792 est.

260 3827 281 3894 ⁸)
300 3828 436 3884 Omittere
459 3829 547 3897 nolui,
571 3830 643 3897 quod
666 3829 702 3883 ad
720 3829 843 3883 Platonis
862 3830 952 3883 locum
971 3828 1165 3896 explicandum
1184 3826 1282 3882 addita
1300 3827 1340 3881 vi·

168 3919 278 3983 dentur,
297 3921 327 3972 at
346 3918 458 3972 minime
477 3918 512 3972 ad
532 3925 654 3972 ceteram
673 3918 802 3972 Eustath.
822 3917 1039 3987 disputationem
1059 3917 1202 3985 quadrant.

211 4007 272 4062 316.
294 4006 314 4076 ¹)
334 4005 374 4062 Cf.
393 4007 522 4062 Eustath.
540 4024 567 4075 p.
587 4008 647 4072 980,
665 4007 710 4061 34.

258 4095 279 4162 ²)
297 4096 400 4151 Herod.
419 4097 455 4150 ΙΙ.
475 4113 501 4165 p.
521 4097 564 4163 48,
584 4098 626 4150 11.
645 4095 742 4150 Lenta.
762 4094 861 4165 (Schol.
875 4096 944 4150 Veu.
961 4097 995 4149 A.
1014 4096 1051 4149 ad
1069 4095 1095 4147 E
1111 4094 1164 4160 76).
1188 4094 1342 4148 Herodiani

167 4183 258 4238 locum
282 4199 366 4253 supra
389 4184 505 4238 allatum
529 4185 604 4254 apud
626 4184 723 4239 Lentz.
742 4184 878 4239 desidero.
898 4214 931 4222 —
950 4184 1080 4238 Fortasse
1103 4182 1251 4252 Dionysius
1274 4183 1341 4252 Try-

166 4272 287 4341 phonem
305 4272 437 4341 sequitur,
458 4274 506 4342 qui
524 4273 558 4328 de
578 4273 678 4343 spiritu
697 4273 860 4329 intercalari
880 4272 945 4342 egit,
965 4271 999 4328 of.
1014 4273 1115 4327 Athen.
1135 4273 1184 4328 IX.
1203 4289 1232 4344 p.
1249 4270 1339 4328 397Ε.

167 4361 238 4416 Prol.
259 4379 284 4430 p.
304 4363 345 4416 70.
