3000 5040
810 228 875 294 262

345 393 419 456 448.
452 391 623 456 Eustaih.
647 413 676 475 p.
696 390 770 465 206,
788 389 840 453 44.
877 378 930 453 ὅτι
954 386 988 451 δὲ
1013 378 1032 451 ὁ
1053 376 1178 469 χωλὸς
1201 385 1259 450 καὶ
1284 382 1341 450 ἐπὶ
1366 408 1432 469 χει-

260 491 317 583 ρὸς
340 500 483 577 τίθεται,
505 494 723 584 ῥητορικοῦ
745 500 904 578 λεξικοῦ
927 493 996 561 ἐστι
1018 492 1300 578 παρασημείοοσις.

826 675 863 738 Ψ.

346 801 420 866 449.
448 798 620 865 Eustath.
636 820 665 882 p.
683 798 777 874 1631,
795 797 848 863 44.
880 795 918 862 ἐκ
936 803 999 862 τοῦ
1017 802 1073 879 uei
1090 787 1131 861 τὸ
1149 796 1249 879 uigor,
1268 793 1306 876 ἐξ
1323 781 1432 878 οὗπερ

259 900 300 971 οὐ
321 900 466 992 μόνονρ
490 907 604 991 ciffi),
627 896 712 970 ἄλλα
736 906 792 969 καὶ
815 896 854 970 τὸ
878 906 1042 989 nicaeo·
1066 896 1141 989 ἦτοι
1158 903 1323 987 ψωμὶοαι,
1347 902 1430 968 σιτί-

233 1032 325 1094 οοαι,
349 1007 394 1091 ὡς
418 1013 459 1079 ἐν
482 1010 681 1099 ῥητορικῷ
705 1002 866 1098 εὕρηται
889 1015 1040 1096 λεξικῷ.

823 1191 854 1253 Ω

347 1315 421 1381 450.
453 1314 624 1380 Eustaih.
644 1338 673 1399 p.
695 1314 771 1389 134,
794 1314 846 1378 36.
879 1311 915 1378 ἐν
942 1318 1025 1397 γοῦν
1053 1308 1250 1398 ῥητορικῷ
1282 1315 1433 1396 λεξικιῇ

260 1416 395 1509 ιὶἳρηται
418 1413 539 1500 οὕτως·
563 1414 873 1507 αἰμοθέτηοαυῑ)
901 1410 942 1486 τό
966 1411 1028 1502 ἀφ’
1051 1414 1195 1484 ἑκάστου
1217 1416 1342 1503 μέρους
1367 1426 1430 1484 τοῦ

261 1528 383 1615 ἱερείου
414 1521 622 1613 ἀπετέμοντο
654 1530 711 1592 καὶ
743 1519 937 1613 ἅπήρξαυτο
969 1518 1032 1591 αἴτι’
1060 1520 1154 1611 ὤμου
1180 1525 1238 1589 καὶ
1265 1522 1432 1605 ἐνέβαλον

261 1635 307 1713 εἰς
333 1627 375 1701 τὰ
401 1637 501 1722 μηρία
528 1628 614 1701 κατὰ
640 1627 703 1722 τὴν
730 1635 864 1700 θυσίαν.
902 1635 959 1698 καὶ
986 1623 1077 1699 οὕτω
1103 1631 1165 1717 μέν
1192 1654 1266 1709 ιιοος
1295 1623 1430 1716 ὦμαθέ-

223 1769 247 1806 ιο
261 1766 344 1807 τουν
367 1739 520 1819 θύοντες.

592 2046 865 2146 Fragmentum
892 2045 1095 2127 incertum.

350 2223 424 2288 451.
465 2221 875 2306 661101.Αρο11.61106.
903 2221 956 2287 IV.
987 2221 1081 2287 1187.
1123 2220 1362 2306 Αυοαυίαςῑ)
1397 2219 1435 2285 δέ

262 2346 342 2416 φησι
365 2326 427 2396 τὸν
450 2322 642 2415 ἄμφιφορέα
666 2320 732 2395 ὑπὸ
751 2320 937 2415 Ἀθηναίων
961 2319 1176 2414 α’μφορέα’)
1199 2331 1392 2393 καλεῖσθαι.

306 2527 366 2581 449.
386 2527 407 2592 1)
426 2524 465 2580 cf.
484 2543 511 2594 p.
532 2525 609 2592 1071,
622 2525 647 2579 4.
667 2525 744 2579 Phot.
760 2524 833 2579 Suid.
848 2525 913 2578 Hes.
926 2540 947 2578 s.
962 2541 985 2579 v.
999 2523 1089 2593 ψίχες,
1108 2522 1197 2593 ψιχία.
1216 2522 1262 2577 Et.
1274 2522 1314 2578 M.
1328 2523 1393 2589 819,
1408 2524 1433 2577 6.

353 2616 373 2681 ⁹)
393 2615 473 2669 Conv.
493 2615 571 2668 Phot.
591 2614 656 2669 Has.
676 2613 751 2669 Suid.
770 2613 814 2667 Et.
835 2613 903 2668 Gud.
923 2613 984 2679 574,
1004 2614 1046 2669 57.

306 2705 367 2759 450.
388 2706 408 2772 ι)
427 2704 508 2758 Gonu.
527 2704 592 2758 Hes.
621 2701 661 2758 of.
680 2719 707 2772 p.
728 2703 805 2770 1766,
825 2703 869 2760 25.

306 2795 367 2849 451.
388 2795 408 2860 ι)
426 2791 527 2848 Rindfl.
547 2810 573 2861 p.
593 2791 635 2846 43.
655 2790 750 2846 attulit
769 2794 798 2846 et
816 2790 1006 2846 Pausaniae
1029 2807 1130 2846 nomen
1154 2789 1290 2855 restituit,
1315 2789 1366 2845 sed
1385 2804 1432 2845 res

262 2883 292 2936 in
310 2881 395 2936 dubio
413 2886 514 2947 versat,
535 2897 597 2936 cum
616 2880 675 2936 cod.
696 2881 779 2936 Laur.
798 2896 859 2935 eam
878 2879 996 2935 nominis
1014 2879 1142 2946 formam,
1167 2894 1248 2948 quam
1270 2894 1323 2933 nos
1344 2893 1434 2949 supra

263 2970 450 3036 exhibuimus,
474 2969 617 3039 praebeat.
649 2969 777 3024 Formam
796 2969 940 3033 Λυσανίας
958 2985 1022 3024 τοτα
1046 2975 1074 3024 et
1096 2969 1184 3038 ipsam
1207 2966 1344 3023 incertam
1368 2983 1433 3023 esse

263 3063 336 3128 puto.
367 3059 444 3114 Solus
464 3058 538 3113 enim
556 3059 691 3130 Lysanias
710 3059 879 3129 Cyrenaeus,
906 3075 986 3127 quem
1010 3075 1044 3113 ex
1067 3057 1223 3113 litterarum
1247 3056 1346 3112 studiis
1366 3072 1432 3127 cog·

263 3149 352 3202 nitum
374 3149 521 3213 habemus,
544 3147 737 3202 Eratosthenis
760 3147 892 3216 magister
915 3147 1015 3215 (Schol.
1034 3148 1114 3202 Hom.
1134 3148 1202 3201 Van.
1222 3148 1255 3201 Α.
1276 3146 1307 3199 Π
1322 3145 1378 3201 558
1396 3172 1432 3192 -=

263 3237 391 3291 Eustath.
416 3254 441 3305 p.
462 3237 544 3304 1075,
563 3237 612 3304 46,
632 3237 700 3291 Van.
721 3236 752 3291 B.
773 3238 790 3289 I
810 3237 871 3292 378.
890 3238 928 3292 M
943 3236 1003 3292 397.
1027 3236 1071 3291 ut.
1090 3237 1128 3291 M.
1148 3236 1213 3300 779,
1232 3236 1298 3302 10.),
1322 3233 1372 3304 qui
1397 3236 1433 3290 de

263 3325 469 3394 iambographis
492 3325 605 3394 scripsit
623 3325 699 3396 (Aah.
717 3325 779 3380 VII.
799 3326 888 3380 304Β.
908 3326 956 3380 XI.
976 3325 1064 3382 5043.
1083 3325 1157 3380 XIV.
1176 3323 1274 3390 6200.)
1296 3325 1352 3379 huc
1376 3340 1434 3379 non

264 3413 426 3469 referendus
446 3418 496 3482 est,
517 3431 579 3469 cum
598 3416 632 3468 de
651 3413 790 3470 atticismo
809 3431 872 3469 eum
891 3414 980 3484 egisse
999 3414 1111 3469 minime
1131 3416 1245 3469 constet.

355 3503 376 3573 2)
396 3497 543 3574 ἄμφορεύς
562 3503 616 3558 fuit
634 3519 686 3558 vox
704 3519 769 3557 vere
789 3504 897 3571 Attica,
922 3503 957 3558 cf.
976 3504 1061 3558 Moer.
1082 3504 1146 3569 189,
1165 3503 1208 3557 27.
1227 3501 1315 3557 Bekk.
1335 3496 1432 3572 ἀμφο-

265 3589 331 3665 ρεὺς
347 3587 474 3656 Ἀττικοὶ,
498 3587 639 3663 μετρητὴς
652 3580 791 3661 Ἓλληνες.
820 3593 860 3648 of.
880 3592 954 3648 Suid.
981 3592 1079 3661 Neque
1103 3607 1167 3646 nero
1189 3584 1373 3662 ἄμφιφορεὺς
1395 3592 1432 3647 ab

265 3681 451 3738 atticistarum
470 3681 668 3736 consuetudine
683 3681 789 3736 alienus
808 3681 869 3746 fuit,
889 3681 926 3736 ef.
938 3683 969 3736 B.
983 3683 1016 3736 A.
1031 3682 1092 3744 389,
1106 3682 1148 3735 21.
1167 3679 1294 3734 Euatath.
1308 3696 1335 3750 p.
1350 3681 1433 3747 1163,

264 3773 306 3826 30.
331 3773 414 3840 1445,
437 3771 473 3825 44
496 3774 587 3840 (quem
610 3770 701 3826 locum
723 3773 811 3826 multa
834 3771 1018 3826 atticistarum
1040 3769 1207 3839 fragmenta,
1234 3768 1371 3838 imprimis
1396 3784 1433 3825 ex

265 3860 419 3915 Pausaniae
437 3859 527 3915 lexico
545 3859 634 3929 petita
653 3861 812 3929 sequuntur)
832 3861 909 3927 1735,
924 3862 949 3916 9.
967 3859 1012 3914 ut.
1027 3861 1065 3914 M.
1080 3861 1123 3922 93,
1137 3859 1179 3913 20.
1199 3858 1242 3927 95,
1255 3859 1280 3914 8.
1299 3856 1344 3912 st.
1358 3856 1432 3915 Gud.

264 3951 311 4015 49,
330 3950 373 4004 46.
393 3948 438 4004 Or.
457 3951 505 4018 31,
525 3951 566 4005 16.
596 3951 662 4005 Cum
686 3949 810 4005 scholion
828 3949 968 4019 Apollonii
991 3953 1048 4005 tam
1071 3949 1180 4004 incerta
1198 3947 1316 4003 formula
1333 3952 1434 4004 utatur

264 4041 409 4107 nequead
428 4038 528 4094 lemma
546 4033 693 4110 ἀμφορεύς
712 4039 927 4109 explicationem
949 4038 1102 4106 addiderit,
1126 4036 1241 4092 difficile
1261 4041 1304 4092 est
1322 4036 1432 4100 dicere,

265 4134 355 4181 utrum
373 4128 445 4184 hanc
464 4128 616 4197 glossarum
630 4127 785 4198 congeriem
804 4129 841 4183 ed
855 4128 1005 4184 atticistem
1019 4128 1152 4184 reducere
1168 4127 1317 4183 debeamus
1330 4140 1433 4183 necne.

742 4329 952 4338 ψ...-
