3000 5040
823 247 887 313 160

265 418 322 478 λοῖ
343 405 361 477 ὁ
387 407 542 497 γράψας
566 407 607 474 ἐν
630 404 829 495 ῥητορικῷ
852 411 1009 493 λεξικηό,
1032 395 1085 472 ὅτι
1104 405 1378 493 ἒπακτρίδεςῧ)
1403 405 1438 471 αἱ

267 512 411 595 ἁλιάδες·
436 515 681 601 ἐπακτρεῖςέ)
705 507 767 599 γάρ
785 511 818 578 oi
841 515 988 600 κυνηγοί.
1014 505 1067 579 δτι
1091 513 1128 580 δὲ
1151 505 1218 580 άπδ
1241 521 1301 601 τῆς
1323 509 1438 601 ῥηθεί-

267 643 325 711 σης
349 624 547 708 έπακτρίδος
566 624 622 686 καὶ
642 620 937 708 έπακτροκέλης
954 611 1041 686 κατά
1059 619 1201 686 Αἴλιον
1219 616 1439 686 Διονύσιον

267 735 390 796 πλοῖον
414 721 641 815 ληστρικόνδ),
663 723 926 814 προδεδήλωται.

241 861 254 899 ο
359 836 429 902 171.
470 837 642 902 Eustath.
666 859 694 919 p.
721 836 820 911 1337,
842 835 894 899 42.
937 825 1005 899 άπδ
1035 833 1071 899 δὲ
1097 841 1156 920 τῆς
1183 825 1285 921 αύλῆς
1312 836 1371 900 καὶ
1397 826 1438 900 τὸ

269 937 387 1009 αὔλιον
406 936 675 1028 ὑποκοριστικῶς
692 934 713 1028 ἢ
731 932 817 1006 κατά
840 932 1045 1027 παραγωγὴν
1068 933 1115 1018 ὡς
1136 932 1176 1006 τδ
1200 940 1319 1026 ίχνιον,
1342 934 1439 1027 καὶὴ

269 1044 400 1127 αὔλειος
417 1045 518 1135 θύρα,
541 1051 597 1114 καὶ
622 1044 790 1114 ἓπαύλια
813 1039 854 1112 τὰ
877 1039 960 1132 μετὰ
981 1039 1043 1112 τδν
1061 1043 1179 1132 γάμον,
1202 1040 1249 1125 ὡς
1267 1048 1367 1134 δηλοῖ
1383 1048 1440 1112 καὶ

268 1157 512 1236 Παυσανίας,
536 1154 572 1221 ἐν
596 1150 647 1232 οίς
669 1155 755 1240 λέγει
779 1154 974 1220 έπαυλίαν
996 1145 1195 1240 ἧμέρανῐ),
1222 1146 1308 1220 καθ’
1330 1145 1375 1241 ἣν
1403 1153 1440 1220 ἐν

268 1271 308 1347 τῇ
326 1269 389 1328 τοῦ
407 1264 555 1346 νυμφίου
574 1260 664 1350 οἰκίᾳ
681 1255 702 1347 ἡ
722 1257 834 1348 νύμφη
852 1267 992 1346 πρῶτον
1015 1256 1219 1347 έπηύλισται,
1242 1261 1300 1325 καὶ
1319 1257 1439 1326 ἐπαύ-

230 1395 255 1434 ιο
269 1375 332 1435 λια
355 1361 397 1434 τά
419 1360 502 1454 μετὰ
525 1360 587 1456 τὴν
612 1367 771 1454 ἐχομένην
789 1360 915 1454 ἡμέραν
933 1375 996 1433 τοῦ
1018 1363 1126 1453 γάμου
1150 1367 1243 1453 δοῦρα
1265 1359 1359 1454 παρά
1377 1375 1440 1432 τοῦ

268 1484 326 1565 τῆς
348 1473 478 1563 νύμφης
501 1467 643 1561 πατρὸς,
666 1471 835 1560 φερόμενα
858 1487 929 1552 τοῖς
951 1476 1108 1558 νυμφίοις
1132 1472 1169 1539 ἐν
1193 1470 1332 1561 σχήματι
1354 1497 1438 1558 πομ-

268 1593 341 1672 πῆς.
376 1596 454 1660 παῖς
471 1578 545 1668 γάρ,
567 1599 701 1669 φησιν,
724 1575 834 1668 ἡγεῖτο
856 1583 997 1666 χλανίδα
1020 1573 1144 1668 λευκὴν
1168 1577 1254 1666 ἐ’χοον
1276 1583 1335 1646 καὶ
1357 1585 1439 1666 λαμ-

268 1688 360 1758 πάδα
375 1689 566 1776 καιομένην,
586 1685 702 1753 ἔπειτα
719 1701 797 1766 παῖς
817 1683 913 1774 ἑτέρα
927 1684 1130 1776 κανηφόρος,
1148 1683 1219 1753 εἶτα
1238 1689 1364 1768 λοιπαὶ,
1383 1688 1440 1771 φέ-

269 1815 388 1885 ρουσαι
410 1796 600 1875 λεκανίδας,
624 1791 809 1882 σμήγματα,
837 1806 971 1882 φορεῖα,
999 1795 1132 1876 κτένας,
1159 1796 1288 1876 κοίτας,
1317 1787 1440 1876 άλαβά-

231 1926 256 1966 ιο
271 1923 400 1990 στρους,
421 1899 592 1983 σανδάλια,
611 1899 730 1989 θήκας,
747 1899 845 1986 μύρα,
863 1903 1007 1989 νίτραλ),
1030 1901 1149 1983 ἐνίοτέ,
1171 1919 1281 1989 φησι,
1304 1904 1362 1967 καὶ
1379 1894 1440 1988 την

269 2023 403 2098 προῖκα.

361 2117 433 2182 172.
466 2115 637 2181 Eustath.
657 2139 686 2200 p.
709 2116 808 2193 1419,
826 2117 878 2181 50.
909 2111 1024 2182 πόθεν
1048 2115 1083 2180 δέ
1105 2107 1125 2202 ἦ
1148 2106 1284 2193 Παλλάς
1307 2116 1365 2180 καὶ
1388 2108 1440 2181 ὅτι

271 2217 312 2290 ού
338 2219 445 2308 μόνον
473 2218 664 2308 Πάλλαςῑ)
694 2215 712 2287 δ
742 2221 832 2302 νέος,
860 2213 945 2287 άλλδι
972 2223 1030 2286 καὶ
1055 2217 1223 2303 πάλλαξ,
1252 2221 1288 2303 ἐξ
1314 2211 1357 2287 οὗ
1384 2223 1440 2287 καὶ

270 2322 450 2416 παλλακὴ
473 2331 529 2395 καὶ
551 2325 751 2394 παλλάκια
774 2320 860 2393 κατά
884 2328 1026 2394 Αίλιον
1044 2324 1267 2410 Διονύσιον,
1290 2320 1332 2393 ού
1353 2333 1439 2394 παλ-

232 2459 258 2498 no
272 2435 379 2524 λήκια,
403 2433 494 2503 ἔστιν
517 2429 627 2521 εὑρεῖν
647 2427 739 2521 παρὰ
762 2449 832 2512 τοῖς
854 2440 1019 2516 παλαιοῖς,
1043 2435 1077 2502 οἳ
1097 2436 1154 2500 καὶ
1177 2432 1370 2521 ἱστοροῦσιν
1394 2436 1440 2500 δι-

362 2687 384 2755 ³)
403 2688 484 2741 Conv.
503 2686 577 2742 Suid.
596 2685 662 2739 Hes.

359 2779 381 2844 ⁴)
399 2776 443 2830 Et.
468 2777 506 2829 M.
526 2776 590 2839 353,
613 2775 639 2828 4.
666 2774 749 2843 (undo
772 2773 817 2827 Et.
842 2773 910 2828 Gud.
936 2775 1000 2841 196,
1020 2774 1062 2828 40.
1087 2774 1289 2828 emendandum
1317 2777 1378 2839 ost).
1406 2805 1439 2813 —

272 2866 373 2920 Aliena
391 2881 434 2933 ap.
454 2865 521 2919 Lex.
540 2865 651 2918 Boohm.
670 2864 731 2925 226,
751 2861 776 2915 4.
796 2860 830 2916 of.
849 2863 926 2917 Eunt.
945 2880 972 2932 p.
993 2864 1071 2929 1098,
1090 2864 1134 2918 59.
1153 2864 1231 2927 1871,
1250 2864 1293 2918 56,

361 2955 382 3020 ¹⁵)
402 2953 435 3007 of.
455 2952 528 3006 Suid.
549 2955 672 3007 Ammon.
691 2969 718 3021 p.
737 2953 780 3007 81.
798 2951 844 3006 Et.
864 2953 901 3006 M.
920 2953 980 3018 502,
1000 2952 1042 3007 44.
1063 2952 1131 3007 Gud.
1147 2953 1209 3020 313,
1224 2953 1266 3007 60.
1286 2953 1316 3006 Β.
1334 2953 1364 3006 Α.
1380 2952 1441 3020 187,

272 3044 315 3098 31.
335 3043 396 3110 255,
417 3042 458 3096 13.
478 3041 567 3096 Schol.
587 3043 687 3096 Aoooh.
707 3041 728 3096 I.
748 3043 808 3096 191.

319 3133 378 3185 171.
400 3133 420 3198 ¹)
444 3131 543 3185 Totam
566 3130 718 3185 doctrinam
741 3129 846 3199 repetit
873 3123 1020 3195 αὐτολεξεὶ
1043 3129 1088 3184 nt.
1108 3130 1145 3183 M.
1165 3130 1230 3198 354,
1250 3131 1274 3184 2.
1303 3134 1333 3183 ot
1356 3128 1440 3194 Soio..

275 3219 322 3288 qui
340 3236 362 3273 o.
375 3219 393 3274 f.
407 3219 498 3274 addit:
519 3216 545 3273 οί
558 3217 589 3273 δέ
603 3235 691 3288 φασιν
710 3214 833 3274 έπαύλια
851 3215 902 3288 τὴν
921 3217 1058 3289 δευτέραν
1075 3215 1148 3286 μετὰ
1166 3213 1233 3282 τούς
1251 3213 1361 3288 γάμους
1378 3212 1442 3288 ἦμέ-

274 3326 326 3378 ραν
349 3310 516 3371 καλεῖσθαι,
542 3304 573 3362 έν
595 3328 613 3377 η
637 3311 751 3379 πρῶτον
775 3304 955 3375 ἐναυλίζεται
973 3311 1014 3381 τῷ
1032 3309 1144 3380 νυμφίῳ
1164 3301 1181 3376 ἡ
1199 3301 1303 3377 νύμφη.
1322 3333 1355 3352 =
1375 3308 1441 3362 Hos.

276 3396 317 3451 Cf.
335 3397 405 3452 Poll.
424 3397 472 3450 III.
493 3397 535 3451 39.
564 3393 591 3450 oi
610 3396 639 3451 δὲ
659 3401 708 3452 καί
726 3394 761 3452 τὰ
781 3392 913 3464 διδόμενα
937 3399 1014 3468 δῶρα
1032 3401 1067 3467 τῇ
1085 3391 1181 3466 νύμφη
1200 3399 1337 3452 καλοῦσιν
1356 3391 1443 3452 ἐπαύ-

273 3488 326 3539 λια.
347 3485 381 3539 of.
400 3485 445 3539 Et.
466 3485 503 3540 M.
525 3487 583 3551 119,
603 3488 646 3541 17.
666 3487 732 3541 Hes.
751 3503 773 3540 o.
793 3504 818 3540 v.
837 3481 969 3541 άπαύλια.
995 3485 1029 3541 of.
1047 3486 1120 3542 Prol.
1139 3503 1165 3555 p.
1185 3488 1227 3541 60.

363 3575 384 3642 λ)
403 3574 476 3629 Suid.
496 3569 701 3645 μοράλειπτρα,
721 3576 765 3629 Et.
784 3576 821 3629 M.
840 3570 1021 3646 μυράνιπτρα
1040 3575 1161 3629 exhibet.

319 3665 380 3719 172.
400 3666 422 3731 ¹)
441 3664 596 3718 Secundum
614 3665 691 3719 Eust.
706 3681 732 3733 p.
749 3665 791 3730 84,
806 3666 849 3719 39.
868 3664 1029 3719 Philistideo
1050 3660 1081 3718 έν
1098 3666 1285 3735 Συγγενικοῖς
1303 3663 1373 3720 hooc
1385 3669 1442 3718 tro.-

274 3753 358 3822 didit3
387 3769 476 3822 noque
499 3759 593 3808 tamon
616 3753 728 3808 dubium
752 3757 807 3820 ost,
832 3753 899 3822 quin
922 3754 992 3808 haec
1011 3753 1129 3808 frustula
1148 3770 1183 3808 ex
1201 3755 1249 3808 Ar.
1268 3755 1334 3824 Βγτ.
1353 3753 1443 3822 potito

275 3841 343 3910 sint,
367 3842 401 3896 cf.
420 3842 526 3897 Nauck.
546 3860 573 3912 p.
593 3843 635 3896 92.
655 3842 727 3897 Mill.
747 3843 812 3897 Mol.
832 3859 858 3911 p.
878 3843 939 3896 428.
958 3842 1026 3897 Poll.
1046 3844 1081 3897 II.
1101 3845 1125 3898 9.
1149 3843 1220 3897 Plat.
1241 3858 1308 3897 com.
1328 3841 1362 3898 fr.
1381 3843 1442 3897 906.

275 3933 363 3986 Kook.
384 3932 561 4001 -Dionysii
580 3931 706 3986 doctrina
724 3932 842 3986 iteratur
861 3948 905 4000 op.
924 3931 1002 3987 Eunt.
1022 3949 1048 4000 p.
1065 3933 1125 4000 763,
1145 3933 1188 3998 20,
1207 3931 1255 3987 ubi
1273 3932 1362 4002 primo
1382 3931 1442 4000 qui·

275 4023 338 4075 dom
358 4020 557 4090 ArIstophanoo
581 4022 640 4090 ipse
660 4006 820 4087 o'dhibotur,
843 4025 902 4075 tum
926 4025 1017 4076 autom
1038 4020 1183 4091 opiscopus
1201 4021 1243 4077 ito
1260 4021 1364 4090 pergit:
1393 4036 1443 4075 οα-

276 4106 418 4178 φέστερον
442 4106 472 4162 δὲ
496 4113 586 4165 ταῦτα
610 4105 712 4181 φράζει
736 4105 751 4164 ὁ
771 4103 918 4181 γράψας,
942 4097 986 4163 δτι
1006 4112 1149 4164 παλλακαὶ
1167 4113 1320 4165 καλοῦνται
1339 4103 1371 4164 τὸ
1390 4107 1444 4178 μὲν

275 4192 392 4268 ἀκριβὲς
409 4201 467 4252 τῶν
486 4200 595 4252 παίδων
614 4195 642 4252 αἳ
661 4197 731 4262 νέαι,
751 4195 830 4252 καθά
850 4200 899 4252 καί
917 4200 975 4252 τῶν
993 4193 1121 4269 άρρένων
1139 4194 1291 4263 πάλλακες.
1315 4198 1349 4254 of.
1365 4199 1442 4253 Eunt.

276 4286 354 4351 1742,
373 4287 416 4340 34.
436 4316 470 4326 -
489 4288 607 4358 Hosyoh.
623 4289 751 4357 praebet:
771 4284 941 4341 παλλάκιον·
959 4283 1119 4359 μειράκιον.
1139 4289 1157 4358 ’γ
1176 4283 1333 4352 παλλακάς·
1353 4283 1441 4360 ἐρρω-

275 4371 361 4444 μένος
378 4369 560 4447 (ἐράμενοςλ)
579 4371 695 4446 πάλληξ.
714 4371 841 4445 βούπαις.
