3000 5040
641 179 683 243 39

78 357 178 419 usque
200 336 242 401 ad
264 337 349 401 diem
371 338 592 415 adservantur,
619 340 665 404 sic
687 339 857 404 dividenda
879 339 1040 416 videntur,
1063 344 1100 403 ut
1122 341 1246 423 singula

78 463 196 527 genera
222 443 422 520 eruditionis,
449 445 556 527 qualia
583 445 669 529 apud
694 450 865 529 utrumque
886 445 1060 518 atticistam
1083 453 1246 530 apparent,

78 570 276 616 secernamus
299 555 331 615 et
353 572 410 634 per
432 571 466 616 se
488 553 613 635 singula
635 554 889 636 contemplemur.

168 657 326 736 Quattuor
347 663 453 723 autem
477 679 595 742 genera
616 659 839 746 eruditionis1)
858 659 1013 744 imprimis
1036 659 1247 744 disiungenda

76 768 165 829 sunt:

169 871 202 956 1)
224 871 274 935 Ea
296 892 377 955 quae
401 893 444 936 ex
466 870 580 937 libris
609 893 652 936 ex
674 893 797 937 rerum
820 874 953 939 ordine
976 872 1178 956 dispositis
1202 873 1246 937 de

76 977 180 1042 vitae
194 976 403 1054 aetatibus,
422 980 468 1042 de
482 978 651 1043 moribus
665 979 970 1058 Atheniensium,
990 981 1034 1045 de
1047 979 1245 1056 ludibriis,

75 1084 122 1149 de
144 1084 293 1167 nuptiis
315 1085 417 1167 petita
440 1090 526 1160 sunt,
554 1106 649 1166 quae,
675 1085 873 1151 utbreviter
896 1086 1049 1163 dicamus,
1079 1108 1150 1151 curn
1173 1087 1245 1150 Ari-

76 1190 233 1274 stophane
255 1190 409 1274 Byzantio
433 1211 607 1274 congruere
630 1191 787 1256 videntur.
828 1191 937 1256 Aelius
960 1193 1052 1257 Dion.
1071 1197 1104 1257 et
1126 1192 1245 1257 Pausa

18 1365 21 1370 ,
75 1297 146 1361 nias
164 1296 282 1380 passim
300 1296 358 1362 hos
376 1296 475 1363 libros
493 1298 651 1374 adierunt,
670 1299 725 1362 sed
744 1299 800 1375 ita,
822 1303 859 1362 ut
877 1299 977 1363 maior
995 1320 1068 1382 pars
1086 1298 1244 1382 fragmen-

75 1407 181 1468 torum
208 1403 293 1468 Aelii
315 1404 460 1488 Dionysii
488 1405 529 1469 ad
555 1425 621 1469 rem
647 1404 847 1470 iudiciariam
856 1407 883 1489 ²)
911 1411 1045 1488 spectet,
1072 1405 1244 1471 Pausanias

75 1529 151 1574 vero
173 1511 272 1574 vitam
293 1510 451 1594 privatam
469 1509 606 1595 (glossae
628 1510 786 1594 nuptiales
804 1512 845 1576 ad
868 1533 964 1576 unam
986 1532 1093 1577 omnes
1116 1511 1164 1576 illi
1187 1512 1243 1577 de-

75 1616 205 1701 bentur)
228 1618 329 1700 magis
351 1617 527 1682 illustrasse
549 1617 703 1683 videatur.
744 1617 815 1683 Huc
837 1619 1002 1683 addendae
1025 1623 1100 1682 sunt
1122 1618 1245 1701 glossae

75 1744 115 1787 ex
138 1722 287 1806 operibus
310 1723 439 1808 Didymi
462 1729 495 1788 et
517 1723 675 1806 Pamphili
698 1725 875 1789 detractae:
907 1725 963 1789 illa
986 1725 1070 1789 enim
1093 1745 1189 1808 opera
1212 1729 1245 1789 et

74 1829 146 1912 ipsa
171 1831 213 1895 ad
240 1852 345 1894 rerum
368 1830 512 1895 ordinem
533 1831 721 1914 processisse
747 1831 888 1914 Bappius
911 1831 1030 1918 (Leipa
1049 1831 1139 1898 Stud.
1157 1830 1244 1896 VllI.

74 1961 105 2022 p.
131 1936 193 2002 126
213 1941 273 2022 sq.)
302 1943 334 2002 et
365 1936 639 2004 Schoenemannus
668 1938 722 2020 (de
750 1938 912 2022 Lexicogr.
935 1945 1000 2004 ant.
1022 1939 1114 2003 Bonn
1143 1937 1244 2024 1886)

75 2047 261 2111 docuerunt.

164 2151 200 2236 2)
233 2150 378 2227 Glossae,
415 2172 509 2235 quae
546 2152 605 2217 vel
636 2154 921 2234 grammaticam
952 2153 1011 2217 vel
1043 2151 1244 2236 orthogra-
1331 2171 1335 2180 ·

73 2257 200 2341 phiam
228 2258 429 2322 illustrare
457 2265 658 2336 conantur,
685 2280 749 2324 non
776 2259 909 2336 multae,
936 2259 993 2324 sed
1019 2258 1171 2324 memoria
1193 2259 1243 2324 di-

73 2386 171 2448 gnae:
193 2385 327 2447 quarum
349 2366 383 2430 in
405 2386 537 2430 numero
559 2365 593 2453 a)
617 2387 682 2443 eae,
705 2388 787 2448 quae
805 2365 987 2431 vetustioris
1010 2365 1141 2449 originis
1164 2364 1243 2451 (for-

73 2477 172 2548 tasse,
198 2477 236 2535 ut
262 2493 361 2536 unum
386 2477 548 2537 auctorem
576 2473 752 2558 seligemus,
780 2472 972 2557 Tryphonis)
1001 2493 1070 2537 esse
1096 2472 1244 2536 ridentur

73 2599 175 2662 neque
203 2599 399 2644 communem
431 2579 608 2644 doctrinam
639 2583 827 2662 sequuntur,
858 2579 1069 2644 secernendae
1101 2584 1175 2643 sunt
1201 2577 1243 2642 ab

75 2686 121 2750 eis
144 2684 181 2768 b)
204 2705 284 2768 quae
308 2707 378 2750 cum
396 2685 570 2751 Herodiani
594 2691 627 2751 et
649 2687 934 2770 grammaticorum,
957 2686 1012 2769 qui
1036 2687 1102 2749 eius
1126 2683 1243 2749 doctu-

72 2813 147 2858 nam
166 2797 348 2875 sequuntur,
366 2793 386 2856 i.
403 2811 429 2856 e.
449 2814 519 2857 curn
537 2792 737 2876 opinionibus
755 2793 829 2858 inde
847 2792 888 2857 ab
906 2793 1007 2857 altero
1026 2815 1055 2875 p.
1075 2790 1108 2855 Ο.
1127 2813 1156 2857 n.
1175 2811 1242 2856 sae·
1280 2792 1284 2797 '

73 2899 145 2964 culo
168 2899 350 2982 propagatis
373 2900 563 2982 conspirant.

163 3005 199 3092 3)
224 3004 367 3082 Glossae,
390 3027 471 3090 quae
492 3005 662 3090 proverbia
684 3005 857 3090 explicant,
883 3010 920 3069 ut
944 3007 990 3069 ita
1013 3005 1153 3070 dicamus
1176 3026 1243 3088 pa-

72 3113 441 3195 roemiographicae:
464 3134 515 3178 res
529 3135 604 3178 sane
620 3115 729 3190 ardua,
748 3114 782 3177 in
796 3134 891 3196 quarn
904 3134 1006 3195 nuper
1020 3111 1137 3195 Hotop‚
1154 3111 1243 3176 Neue

73 3218 206 3285 Jahrbb.
226 3218 333 3302 Suppl.
351 3218 436 3284 XVI.
454 3242 483 3302 p.
504 3218 681 3285 ael-313
700 3220 870 3302 diligenter
887 3220 1046 3301 inquirere
1070 3219 1193 3283 studuit
1211 3225 1243 3282 et

72 3325 177 3391 causis
212 3326 335 3391 idoneis
372 3326 613 3403 demonstravit,
650 3326 855 3391 Eustathium
891 3347 947 3391 nec
978 3325 1149 3390 Zenobium
1185 3345 1244 3389 nec

73 3436 195 3497 ceteras
217 3439 408 3517 παροιμιῶν
427 3432 627 3498 collectiones
650 3433 766 3498 adiisse
790 3433 834 3517 (p.
854 3432 934 3518 274)
959 3438 991 3497 et
1013 3432 1163 3496 atticistis
1186 3452 1244 3496 sua

72 3538 227 3621 imprimis
250 3538 375 3604 debere.
400 3577 441 3586 —-
465 3538 560 3604 Unde
582 3560 656 3604 vero
674 3539 848 3604 Pausanias
870 3539 912 3624 (is
936 3541 1018 3602 enim
1041 3539 1094 3603 hic
1115 3536 1242 3620 potissi·

71 3665 160 3708 mum
186 3645 400 3728 respiciendus
432 3645 494 3730 est)
522 3667 580 3711 sua
611 3646 854 3730 deprompserit,
886 3665 949 3709 non
982 3643 1126 3726 explicat.
1171 3643 1243 3717 Res,

72 3772 143 3816 eum
167 3750 272 3816 adhuc
294 3750 353 3816 sub
371 3752 476 3817 iudice
499 3753 540 3818 lis
559 3752 601 3818 sit
624 3759 657 3817 et
678 3753 791 3818 melior
814 3758 847 3818 et
864 3751 988 3835 plenior
1011 3749 1109 3814 editio
1131 3768 1242 3831 paroe-

72 3857 328 3942 miographorum
351 3859 456 3924 adhuc
479 3859 685 3935 desideretur,
708 3859 749 3923 ad
772 3858 904 3923 meliora
921 3863 1065 3939 tempora
1082 3854 1243 3920 reicienda

72 3984 141 4030 esse
164 3964 298 4030 videtur.

162 4215 185 4280 ¹)
202 4213 291 4268 Utilia
309 4217 363 4268 huc
383 4213 478 4268 attulit
495 4213 598 4268 Rindfl.
611 4231 637 4281 p.
651 4215 694 4268 22.
708 4230 748 4281 sq.

163 4304 184 4371 ⁹)
202 4303 248 4358 Sic
266 4304 323 4359 iam
342 4304 420 4358 Phot.
433 4303 506 4358 Bibl.
521 4320 543 4358 c.
558 4304 617 4358 152.
632 4302 666 4358 cf.
679 4319 706 4372 p.
721 4303 745 4357 5.
