3000 5040
618 110 680 177 157

62 265 99 335 ἐν
130 262 182 347 οἷς
213 269 271 336 καὶ
298 267 542 358 ἐκτρυπῆσαι
574 263 673 337 κατά
700 274 948 355 Παυσανίαν,
980 266 1020 340 τδ
1047 266 1130 359 μετά
1156 277 1229 357 βίας

62 373 221 458 ἐξελθεῖν.
243 376 383 456 Αἴλιος
411 377 447 443 δέ
469 373 679 456 Διονύσιος
703 378 920 466 εἰστρυπᾶν
948 382 1005 445 καὶ
1029 379 1229 468 ἐκτρυπᾶν

62 501 143 572 φησι
165 476 205 550 τδ
229 490 466 571 παρεισελθεῖν
489 487 545 550 καὶ
568 481 680 572 λάθρα
701 479 784 570 μετὰ
806 489 879 568 βίας
903 487 1056 568 ἐξελθεῖν
1065 489 1100 575 1).

152 593 224 659 162.
257 592 430 660 Eustath.
455 616 484 677 p.
511 594 610 670 1944,
634 595 662 658 7.
700 591 786 660 ἔνθα
814 595 1017 681 σημειωτέον
1044 597 1101 661 καὶ
1129 586 1182 662 ὅτι
1208 589 1229 683 ή

60 699 122 784 μὲν
145 695 283 787 τοιαύτη
300 704 460 787 θηλυκῶς
482 699 595 765 ἐλαία
619 699 761 786 ἐλέγετο,
783 694 803 788 ή
824 702 859 768 δὲ
878 695 975 787 άγρία
995 699 1126 780 ἐλαιος
1143 694 1229 769 κατὰ
1256 722 1269 762 o

61 807 203 874 Α’ίλιυν
225 802 453 889 Διονύσιον,
480 809 538 873 καὶ
561 799 624 874 οὐκ
647 799 878 895 α’γριέλαιοςὶ).
912 809 999 895 λέγει
1027 810 1063 876 δὲ
1087 802 1105 876 ὃ
1130 802 1230 888 αύτδς

61 916 119 980 καὶ
142 905 195 982 δτι
218 913 351 992 ἐλαίας
378 916 435 980 καὶ
458 910 610 1002 ἐλάαςδ)
631 906 773 981 Ἀττικοί
794 908 857 981 τὸν
879 908 1013 1002 καρπδν
1036 913 1151 1002 ἐλεγον
1173 918 1231 982 καὶ

62 1021 152 1100 ἐλᾶς
180 1018 384 1104 δισυλλάβως
407 1023 464 1087 καί
487 1021 719 1106 ἐλαολογεῐν
742 1014 782 1088 τὸ
806 1023 976 1108 συλλέγειν
1000 1023 1155 1110 ἐλαίαςθ).
1187 1013 1230 1112 ήν

61 1128 108 1210 δέ,
127 1145 235 1216 φησι,
253 1131 310 1195 καὶ
327 1121 488 1216 Πλαία4)
507 1125 605 1207 πόλις
625 1128 662 1195 ἐν
680 1121 807 1218 Ἰταλίη.
837 1129 874 1196 ἐν
891 1129 1008 1215 μέντοι
1027 1126 1147 1217 ἑτέρῳ
1166 1127 1229 1219 ῥη-

60 1243 208 1322 τορικῷ
231 1240 373 1323 λεξικῴ
395 1232 526 1322 γράφει,
550 1227 603 1302 δτι
620 1228 729 1302 ’Πλαία
750 1236 868 1314 Αἰολὶς
889 1233 998 1318 πόλις,
1020 1229 1110 1303 mssa
1133 1237 1169 1304 δὲ
1192 1237 1229 1303 ἐν
1244 1260 1270 1299 ιο

60 1334 188 1432 Ἰταλίᾳ.

152 1450 225 1516 163.
266 1449 439 1517 Eustath.
462 1473 492 1534 p.
520 1451 599 1528 331,
627 1451 678 1515 26.
721 1442 740 1517 ὃ
774 1443 807 1516 δ’
831 1442 968 1537 adram)
999 1451 1230 1529 Παυσανίας

41 1553 188 1649 ,ἱστορεῖ
217 1558 274 1622 καί
306 1580 383 1623 τινα
404 1549 594 1643 Ἔμβαρον
622 1556 677 1623 ἐπὶ
705 1549 783 1641 εὐχή
814 1559 1029 1640 σοφίσασθαι.
1072 1553 1229 1644 ἱδρύσατο

60 1658 133 1748 γάρ,
156 1678 237 1750 φησι
246 1663 283 1750 ²),
306 1664 498 1747 Μουνυχίας
515 1657 699 1749 Ἀρτέμιδος
718 1655 818 1749 ἱερὸν.
843 1657 970 1750 άρκτου
994 1664 1030 1730 δὲ
1052 1665 1231 1753 γενομένης

62 1767 98 1834 ἐν
126 1760 219 1855 αύτῷ
245 1771 303 1835 καί
329 1762 390 1836 ὑπ’
408 1761 595 1857 Ἀθηναίων
623 1762 869 1857 άναιρεθείσης,
902 1763 1016 1856 λοιμὸς
1044 1770 1229 1857 ἐπεγένετο,
1245 1791 1269 1832 15

62 1865 103 1942 ού
125 1867 322 1964 άπαλλαγήν
345 1869 466 1955 δθεδς
484 1873 747 1965 ἐγρησμηάδησεν,
771 1878 802 1943 εί
823 1901 872 1955 τις
894 1870 956 1965 τήν
979 1878 1150 1965 θυγατέρα
1168 1876 1229 1946 θύ-

62 2000 110 2050 σει
137 1989 179 2068 τή
199 1974 369 2070 Ἀρτέμιδι·
406 1980 518 2071 Βάρος
546 1985 597 2066 δὲ,
629 1978 649 2049 δ’
675 1979 850 2072 ’Πμβαρος
877 1977 1107 2070 ὑποσχόμενος
1138 1977 1229 2053 οὕτω

61 2086 214 2178 ποιήσειν
238 2089 294 2158 ἐπὶ
315 2099 365 2178 τῷ
386 2084 449 2179 τήν
472 2088 658 2178 ἱερωσύνην
680 2084 719 2157 τὸ
739 2092 834 2177 γένος
853 2085 958 2158 αὐτοῦ
977 2085 1031 2159 διά
1048 2094 1125 2173 βίου
1143 2089 1230 2178 ἐχειν

63 2194 285 2286 διακοσμήσας
297 2189 360 2286 τὴν
373 2198 553 2286 θυγατέρα,
572 2191 677 2286 αύτήν
689 2198 752 2283 μέν
769 2191 964 2284 άπέκρυψεν
983 2197 1020 2265 ἐν
1037 2207 1087 2285 τῷ
1106 2192 1229 2286 άδύτῳ,

63 2299 137 2391 αἶγα
161 2305 197 2371 δὲ
220 2303 338 2373 ἐσθλτι
360 2303 529 2394 κοσμήσας
556 2299 602 2385 ὡς
624 2298 688 2393 τήν
710 2306 881 2394 θυγατέρα
904 2303 1037 2373 ἐθυσεν.
1075 2299 1160 2373 ὅθεν
1184 2307 1229 2386 εἰς
1243 2325 1269 2366 2⁰

62 2414 255 2499 παροιμίαν,
279 2415 388 2501 φησὶ,
410 2415 579 2501 περιέστη·
603 2407 789 2500 Ἔμβαρος
813 2410 861 2495 εἷ,
883 2414 1036 2480 τουτέστι
1059 2407 1229 2501 νουνεχής,

63 2515 270 2608 φρόνιμος)

152 2628 225 2693 164.
252 2628 424 2694 Enstath.
442 2651 473 2712 p.
494 2629 588 2705 1167,
610 2629 659 2693 19.
695 2622 783 2705 εἶδός
800 2651 833 2692 τι
852 2619 1017 2714 ὀρχήσεως
1037 2626 1227 2713 ἐμμέλεια.

63 2735 142 2822 φησὶ
163 2739 248 2820 γοῦν
269 2735 512 2815 Παυσανίας,
541 2725 594 2801 ὅτι
618 2728 750 2821 ὄρχησίς
771 2757 821 2810 τις
843 2721 886 2820 ήν
908 2725 1046 2821 τραγική
1070 2735 1228 2821 λεγομένη

107 2914 167 2968 161.
187 2914 210 2981 1)
227 2911 353 2984 Dionysii
376 2912 529 2968 doctrinam
553 2913 689 2982 integram
712 2912 798 2966 habet
821 2913 887 2967 Hes.
917 2914 1042 2967 Alterum
1067 2915 1161 2969 vocab.
1180 2930 1228 2968 ex·

63 3000 149 3070 plicat
167 3001 242 3057 Snid.
261 3018 283 3057 s.
302 3019 326 3055 v.
346 2999 515 3071 εἰστρυιιᾶν,
540 2997 728 3071 ἐκτρυιιῆσαι,
753 3001 842 3056 Sohol.
863 3004 909 3056 Ar.
929 3001 1036 3057 Eooles.
1055 3003 1115 3057 337.
1140 3001 1175 3058 of.
1194 3002 1227 3058 fr.

63 3090 120 3146 311.
139 3096 197 3146 not.
215 3091 240 3145 3.

108 3181 167 3235 162.
187 3182 210 3250 1)
229 3181 309 3236 Gonv.
328 3181 360 3235 Β.
379 3183 414 3235 A.
434 3181 495 3248 339,
514 3181 557 3234 28.
576 3179 650 3234 Suid.
671 3197 692 3234 s.
712 3198 736 3234 v.
756 3173 850 3244 ἐλαιος
867 3172 973 3250 άγριος.
992 3181 1093 3249 Bergk,
1112 3182 1176 3251 Lyr.
1194 3182 1229 3236 1⁴.

63 3283 88 3337 p.
101 3269 162 3324 384.
177 3299 213 3309 -
230 3269 317 3325 Moer.
333 3285 354 3324 s.
368 3287 392 3324 v.
406 3264 518 3333 κότινος
536 3268 610 3322 idem
629 3265 793 3340 ἅγριέλαιον
811 3286 865 3324 non
879 3270 1004 3324 Atticum
1022 3285 1084 3323 esse
1099 3268 1228 3326 affirmat.

149 3358 170 3423 ²)
188 3357 320 3414 Nostrum
338 3356 427 3413 looum
446 3373 519 3427 resp.
538 3356 616 3412 Enst.
635 3358 696 3424 949,
716 3359 757 3412 50.
777 3359 855 3424 1572,
875 3359 919 3412 34.
939 3357 973 3413 of.
994 3358 1069 3413 Suid.

149 3446 170 3513 ⁸)
189 3445 230 3502 cf.
249 3446 339 3503 Schol.
358 3449 406 3502 Ar.
425 3448 508 3516 Vesp.
528 3448 588 3501 712.

148 3537 172 3603 ⁴)
189 3535 319 3590 Errorem
348 3535 438 3592 altera
462 3535 583 3590 editione
607 3535 732 3590 atticista
755 3535 814 3604 ipse
838 3536 966 3590 correxit.
995 3535 1030 3592 cf.
1049 3537 1144 3606 Steph.
1164 3537 1228 3608 Byz.

64 3627 105 3694 (ε
122 3624 201 3681 Euat.
221 3627 299 3694 1697,
319 3627 370 3694 15).
398 3629 444 3681 An
461 3626 548 3695 Harp.
568 3620 690 3689 Ελαιούς
708 3626 762 3679 huo
780 3624 959 3679 referendus?

105 3715 165 3770 163.
185 3715 207 3781 ¹)
226 3713 261 3770 oi.
280 3713 313 3770 t'r.
332 3715 393 3770 204.

149 3803 172 3874 ⁸)
189 3803 304 3858 Prorsus
332 3819 410 3858 oonv.
434 3803 509 3859 Suid.
535 3803 582 3872 qui
610 3807 718 3858 tantum
746 3802 870 3858 ordinem
893 3802 1037 3858 verborum
1059 3802 1177 3858 mutavit
1201 3807 1230 3859 et

66 3887 139 3959 λιμὸς
152 3909 203 3962 pro
217 3886 316 3961 torpor
333 3893 450 3962 praebet
468 3891 514 3960 (of.
528 3893 651 3962 Apostol.
666 3892 728 3948 VII.
744 3893 795 3959 10),
815 3909 896 3960 quam
914 3908 1007 3948 vocem
1025 3909 1174 3962 perperam
1192 3894 1228 3948 ab

67 3979 190 4051 episeopo
208 3982 344 4037 intrusam
360 3997 420 4037 esse
434 3997 541 4047 censeo,
561 3981 595 4037 of.
612 3981 644 4036 fr.
662 3983 731 4044 157,
750 3981 798 4035 ubi
816 3981 890 4036 idem
908 3981 1012 4037 iactum
1031 3997 1093 4036 esse
1112 3987 1228 4037 constat.

67 4095 98 4107 -
115 4069 222 4126 Similia
239 4086 284 4140 ap.
304 4073 376 4141 App.
394 4088 470 4140 prov.
489 4072 525 4126 ΙΙ.
544 4071 587 4127 54.
606 4070 675 4125 11111.
696 4071 760 4125 Mel.
781 4087 807 4140 p.
826 4072 886 4127 350.

149 4157 171 4228 ⁸)
189 4161 224 4215 In
241 4160 326 4215 breve
345 4164 487 4216 contracta
506 4176 550 4230 ap.
563 4160 629 4215 Hes.
646 4152 771 4232 ἐμβαρος
789 4165 816 4214 at
836 4154 889 4214 οὐκ
899 4152 1041 4232 Ἔμβαρος
1060 4152 1093 4215 εἶ.
1113 4160 1228 4229 Preller,

70 4243 171 4305 (triech.
190 4249 308 4321 Mythol.
326 4250 361 4304 1⁴.
380 4267 407 4320 p.
426 4251 479 4306 312
497 4256 553 4306 not.
572 4251 598 4305 2.
