3000 5040
664 500 704 560 Σ.

189 675 264 742 428.
295 675 468 741 Eustath.
486 697 516 759 p.
538 675 633 754 1923,
651 676 704 742 46.
737 674 850 742 ἰστέον
874 676 919 758 δὲ,
942 671 989 755 ὡς
1006 679 1085 764 περὶ
1106 684 1165 766 τῆς
1182 673 1269 748 καθ>

90 777 278 869 Ἡρόδοτον
306 783 442 858 σανίδος
468 782 605 867 φέρεται
634 781 675 848 ἐν
702 780 903 870 ῥητορικῷ
929 790 1086 871 λεξικῷ,
1119 776 1172 852 ότι
1200 804 1267 853 σα-

97 891 162 968 νίς
170 892 210 977 ¹),
243 888 281 956 ἐν
303 878 324 974 ᾖ
346 881 426 967 τοὺς
448 885 656 976 κακούργους
683 887 793 957 ἔδουν.
833 888 1031 978 πρόσκειται
1059 894 1095 959 δὲ
1123 892 1193 958 ἐκεῖ
1217 887 1268 974 τό,

96 998 159 1063 καὶ
179 985 201 1082 ᾖ
222 988 282 1075 τὰς
306 998 400 1075 δίκας
423 993 616 1084 ἐχάραττον,
639 991 685 1075 ὡς
706 988 947 1086 Ἀριστοφάνης.

189 1104 264 1170 429.
296 1104 469 1172 Eustath.
487 1127 518 1189 p.
540 1105 633 1182 1893,
652 1108 681 1172 4.
714 1096 754 1170 τὸ
775 1106 811 1171 δὲ
830 1102 1023 1192 σαρδάνιον,
1045 1098 1065 1173 ό
1083 1131 1171 1186 τινες
1190 1126 1268 1193 σαρ-
1294 1127 1307 1167 ε

98 1207 219 1280 δάνιον
249 1209 453 1299 γράφουσιν,
485 1211 521 1293 ἐξ
552 1201 594 1277 οὗ
624 1215 682 1278 καὶ
714 1209 1058 1301 διεσαρδόνησενί)
1087 1214 1123 1280 ἓν
1150 1211 1266 1303 ῥητο-

98 1326 200 1406 ρικῷ
222 1325 378 1405 λεξικῴ·
401 1311 441 1385 τὸ
467 1319 655 1404 διεγέλασεν
678 1311 741 1386 οὐκ
765 1319 821 1386 ἐπὶ
844 1317 1003 1405 διαχύσει,
1027 1322 1204 1408 δηλοῖμεν
1225 1315 1266 1389 τὸ

103 1421 221 1515 ἄκροις
241 1430 364 1514 χείλεσι
388 1427 560 1514 σεσηρέναι
586 1420 648 1493 τὸν
676 1424 742 1494 ἔσω
772 1425 980 1513 δακνόμενον
1005 1435 1106 1515 θυμῷ
1128 1421 1149 1517 ἢ
1171 1425 1269 1514 λύπη,

99 1532 158 1602 ἵνα
179 1523 200 1620 ᾗ
224 1531 406 1622 σαρδάνιον
425 1528 606 1623 Ὁμηρικῶς
633 1538 690 1600 καί
718 1532 898 1621 σαρδόνιον
926 1536 963 1601 δὲ
989 1528 1075 1602 κατὰ
1101 1528 1182 1615 τοὺς
1209 1531 1266 1603 άλ-

99 1647 182 1721 λους
207 1634 248 1709 τό
277 1633 415 1730 σεσηρδς
442 1644 499 1707 καί
527 1639 761 1728 σαρκαστικόν.
803 1645 860 1708 καί
886 1641 924 1708 oi
950 1643 1020 1728 μέν
1047 1645 1178 1731 φασιί)
1205 1638 1267 1731 τὴν
1281 1664 1307 1703 1⁰

99 1749 192 1832 λέξιν
219 1749 380 1835 εἰλῆφθαι
407 1741 476 1816 άπὸ
500 1758 564 1816 τοῦ
587 1750 751 1827 δοθέντος
774 1743 841 1816 ὑπὸ
866 1743 943 1828 Διός
969 1758 1011 1835 τῇ
1034 1742 1181 1836 Εὐρώπη
1204 1749 1266 1836 φό-

99 1860 205 1935 λακος
231 1849 549 1942 Ἡφαιστοτεύκτου,
587 1848 623 1935 ὃς
659 1849 739 1934 τοὺς
769 1853 1048 1942 παραβάλλοντας
1082 1858 1197 1940 ξένους
1227 1868 1268 1944 τῇ

98 1959 215 2051 Κρήτη
235 1961 479 2050 συλλαμβάνων
497 1965 601 2045 ἰδίως,
624 1967 759 2047 φασὶν,
783 1964 976 2050 ἐτιμωρεῖτο
994 1967 1115 2053 πηδῶν
1135 1965 1182 2044 είς
1198 1974 1266 2052 πῦρ

99 2073 158 2137 καὶ
180 2074 376 2157 θερμαίνων
398 2065 438 2138 τὸ
463 2078 603 2159 στῆθος,
630 2064 752 2138 ὁποῖόν
775 2096 808 2137 τι
830 2074 908 2158 περὶ
930 2080 993 2139 τοῦ
1014 2070 1267 2160 ΚρητικοῦΤά·

101 2183 153 2244 λω
175 2186 239 2246 τοῦ
258 2176 514 2268 χαλκεοστήθου
537 2182 633 2263 φασί
655 2202 761 2258 τινες
789 2181 824 2266 (i.
843 2202 869 2247 c.
887 2180 1079 2267 Simonides)
1106 2183 1162 2246 καὶ
1187 2185 1266 2265 χαλ·
1282 2199 1307 2237 1⁵

99 2280 265 2367 καπάδος,
287 2289 345 2353 καὶ
366 2283 689 2372 περιπτυσσόμενος,
712 2288 770 2352 καί
792 2288 982 2371 καιομένων
1005 2285 1145 2353 ἐκείνων
1168 2279 1268 2366 αι’τός

101 2388 256 2480 σεσηροός.
301 2386 394 2477 [ἄλλ’
418 2384 554 2479 οὖτοςί)
577 2394 638 2478 μὲν
662 2388 681 2460 ὃ
705 2390 804 2479 λόγος
827 2387 869 2460 οὐ
890 2391 982 2460 πάνυ
1006 2395 1186 2480 διευκρινεῑ
1205 2387 1267 2482 τὴν

100 2499 192 2582 λέξιν
214 2492 330 2588 ἀλλ’ἢ
352 2497 461 2585 μόνον
484 2501 623 2568 δίδωσιν
644 2495 823 2582 ὑπονοεῖν,
851 2493 903 2568 ότι
929 2493 1021 2588 παρὰ
1048 2493 1088 2567 τό
1112 2502 1224 2569 δονεῖν
1246 2495 1268 2589 ἢ

101 2608 223 2689 δαίειν,
245 2601 321 2695 ἤτοι
343 2610 465 2690 καίειν,
488 2611 545 2674 καὶ
566 2601 658 2694 παρά
681 2601 721 2675 τό
747 2611 852 2694 σαίρω
876 2605 1012 2695 ἔσυρον,
1039 2599 1125 2675 ὅθεν
1147 2611 1204 2675 καί
1226 2600 1266 2674 τὸ

101 2715 285 2803 σεσηρέναι,
308 2717 434 2802 γίνεται
452 2711 492 2782 τό
513 2713 703 2802 σαρδόνιον,
726 2714 829 2783 οἱονεί
851 2709 891 2782 τό
911 2710 1048 2802 σεσηρός
1066 2718 1123 2781 καὶ
1142 2716 1267 2782 δονοῦν
1280 2734 1307 2772 2⁰

145 3004 207 3059 428.
227 3005 248 3073 ¹)
265 3004 379 3060 Prorsus
402 3003 532 3059 convenit
551 3004 643 3069 Phot.‚
667 3002 715 3072 qui
736 3004 811 3057 locos
835 3002 1054 3072 Aristophaneos
1077 3019 1111 3058 ex
1135 3003 1267 3058 Thesmo-

100 3092 274 3162 phoriazusis
293 3099 322 3148 et
331 3093 431 3163 Vespis
451 3096 626 3163 depromptos
641 3108 702 3147 esse
716 3092 829 3148 indicat
858 3091 898 3147 (ll.
917 3092 1007 3148 Schol.
1020 3094 1067 3148 Ar.
1081 3092 1191 3148 Thesm.
1206 3092 1266 3148 940.

100 3181 192 3238 Schol.
210 3184 259 3239 Ar.
277 3183 360 3253 Vesp.
380 3184 441 3239 349.
459 3184 505 3239 Et.
524 3185 563 3238 M.
583 3183 704 3249 70815.
723 3183 755 3238 Β.
774 3182 807 3235 Α.
826 3182 888 3250 303,
907 3183 950 3236 23.

146 3272 207 3327 429.
234 3271 334 3328 Totum
356 3272 446 3328 locum
469 3274 524 3328 huc
546 3271 655 3338 rettuli,
680 3273 752 3341 quod
774 3271 938 3341 plerumque
962 3288 1024 3327 cum
1045 3273 1119 3328 lexx.
1138 3272 1267 3329 concinit

101 3360 170 3418 Cum
187 3361 222 3416 (lo
240 3363 385 3432 proverbio
403 3366 515 3432 agatur,
538 3361 732 3417 Pausaniae
754 3360 879 3416 tribuere
897 3361 1000 3417 malim.
1035 3361 1076 3418 Cf.
1094 3363 1165 3420 liab.
1184 3362 1267 3418 Proll.

192 3544 213 3612 ¹)
232 3542 313 3599 θυαε.
337 3543 412 3599 Suid.
435 3542 480 3598 Et.
504 3543 542 3597 M.
565 3543 631 3610 273,
649 3543 697 3609 45,
721 3543 794 3596 unde
821 3540 956 3612 Hesychii
983 3540 1091 3610 glossae
1119 3545 1267 3610 corruptae

101 3627 297 3704 διεσαρώνισε,
317 3632 520 3704 διασαρωνίοαι
539 3631 622 3687 facile
642 3632 784 3687 emendari
802 3636 925 3701 possunt.

191 3723 212 3786 ¹)
229 3722 392 3777 Eustathius
411 3723 480 3778 duas
498 3739 543 3777 res
562 3721 719 3777 confudisse
732 3721 854 3777 videtur:
874 3719 1008 3775 clitarchi
1019 3718 1207 3774 narrationem
1219 3717 1264 3786 (cf.

100 3811 180 3867 Phot
203 3811 278 3868 Suid.
302 3811 392 3868 Schol.
411 3813 481 3869 Plat.
501 3812 570 3881 Rep.
588 3812 711 3878 337.A.)‚
736 3825 805 3879 quae
829 3811 864 3864 do
887 3810 975 3865 Crono
998 3807 1267 3878 Carthaginiensium

100 3901 154 3956 cleo
172 3900 218 3972 (=
230 3901 362 3968 Melkart)
381 3901 435 3957 fuit
454 3905 483 3956 et
501 3901 649 3957 Simonidis
667 3899 812 3955 historiam
830 3899 864 3954 dc
883 3898 952 3954 Talo
970 3914 988 3953 a
1006 3897 1131 3953 Vulcano
1151 3897 1266 3963 caelato,

99 3991 214 4046 numine
232 3991 352 4060 aheneo,
376 3993 449 4060 quod
468 3991 565 4046 eodem
583 3991 663 4046 modo
682 3995 766 4058 atque
784 3989 917 4044 Saturnus
940 3987 1086 4042 morituros
1104 3987 1210 4042 urendo
1228 3985 1266 4041 ri·

99 4081 169 4136 dere
187 4079 278 4151 coegit
296 4081 342 4149 (cl.
361 4081 439 4136 Phot.
458 4080 533 4137 Snid.
552 4081 642 4137 Schol.
662 4080 733 4135 Plat.
751 4079 820 4147 ch.
839 4077 858 4133 l.
876 4078 896 4131 l.
915 4077 1016 4132 Zenob.
1035 4076 1069 4132 V.
1088 4077 1142 4144 85).

192 4169 214 4239 ⁸)
232 4170 406 4242 Etymologia
424 4170 502 4225 uncis
516 4170 624 4225 inclusa
642 4171 677 4225 ab
694 4167 835 4225 atticistae
848 4166 963 4222 consilio
981 4167 1113 4222 abhormt
1130 4178 1220 4234 neque
1237 4163 1267 4219 in

98 4259 201 4316 lexicis
223 4260 305 4316 redit.
333 4259 374 4315 Ol.
397 4252 442 4314 Et}
465 4260 536 4315 θοὰ.
554 4260 620 4329 496,
643 4260 686 4315 43.
710 4257 836 4329 Apollon.
857 4258 921 4326 140,
940 4257 983 4311 12.
1006 4255 1096 4312 Bekk.
1116 4255 1182 4311 Hes.
1200 4270 1222 4310 s.
1240 4270 1266 4308 v.

97 4350 229 4406 Eustath.
248 4367 275 4421 p.
296 4351 374 4419 1887,
393 4350 437 4406 35.
