3000 5040
740 231 803 296 128

183 417 216 457 τι
238 384 324 457 κατὰ
348 388 484 457 ἔννοιαν
507 393 562 456 καὶ
587 382 606 456 ὁ
629 382 788 477 βατὴρθ)
812 378 849 467 ὃς
871 375 914 474 ἦν
937 379 1034 475 ἆρχὴ,
1062 405 1172 477 φησι,
1199 395 1265 455 τοῦ
1288 394 1363 456 τῶν

183 495 390 565 πεντάθλων
414 494 613 581 σκέμματος.
638 488 724 564 ὅθεν
747 498 803 562 καὶ
825 495 1001 581 παροιμία·
1106 513 1111 520 ·

343 595 447 670 αὐτὸν
470 603 656 688 κέκρουκας
677 595 740 668 τὸν
762 607 890 689 βατῆρα
916 608 979 668 τοῦ
1001 597 1142 690 λόγου4)

184 704 230 788 ὡς
254 705 328 776 οίον
352 710 458 776 εἰπεῖν
480 703 521 776 τὸ
545 717 686 796 πρῶτον
709 711 766 774 καὶ
790 704 1055 795 έπικαιρότερον.

157 840 170 879 ι
273 819 324 882 91.
348 819 520 884 Eustath.
536 841 565 902 p.
584 818 679 894 1425,
692 817 734 882 39
745 819 781 903 ¹).
805 814 918 882 ἰστέον
938 815 974 880 δὲ
992 805 1046 880 ὅτι
1064 821 1128 882 τοῦ
1144 807 1302 898 βασιλεὺς
1319 809 1360 884 τὸ

184 916 337 1011 θηλυκὸν
361 917 402 990 οὐ
424 921 532 1010 μόνον
554 926 704 1004 βασίλεια
728 915 774 1000 ὡς
798 913 905 1008 ἱερεὺς
933 919 1036 1008 ἱέρεια
1060 914 1145 989 ἀλλὰ
1167 924 1227 990 καὶ
1247 926 1360 1004 βασί-

183 1035 298 1096 λισσα
321 1022 407 1097 κατὰ
426 1030 569 1096 Αἴλιον
589 1025 802 1095 Διονύσιον
821 1021 982 1107 Ἀττικῶς.
1015 1031 1293 1120 βασίλινναν’)
1314 1030 1360 1113 δέ,

184 1155 293 1224 φησι,
321 1137 519 1222 Μένανδρος
547 1135 599 1223 (fr.
624 1134 943 1221 907.Κοι1)ιέγει.
982 1133 1138 1221 ἐλέγοντο
1167 1136 1205 1202 δὲ
1232 1128 1360 1226 ὑποβή-

183 1240 270 1329 ματά
293 1268 369 1309 τινα
391 1243 630 1330 βασιλίδεςθ)
650 1245 706 1307 καί
724 1266 757 1307 τι
775 1238 883 1328 μέρου
902 1237 991 1320 εἶδος
1009 1237 1360 1333 ἓπταβασίλειονῑ)

145 1373 170 1411 ιο
184 1351 241 1415 καὶ
268 1350 531 1437 βασιλίνδαδ),
558 1345 676 1414 παιδιά
702 1373 753 1425 τις
780 1348 935 1430 βασιλέας
961 1340 1057 1426 τινὰς
1084 1342 1361 1418 ἀποδεικνύονσα

184 1459 240 1522 καί
258 1459 504 1544 βασιλειᾶνδ)
528 1457 584 1520 καί
605 1457 987 1543 διαβασιλίζεσθαιῖ)
1009 1447 1049 1521 τὸ
1073 1458 1243 1536 βασιλείας
1265 1449 1360 1524 ἅντι-

184 1570 367 1630 ποιεϊσθαι.
399 1551 442 1650 ἦν
467 1562 517 1643 δέ,
540 1579 636 1645 φασι,
659 1564 717 1628 καὶ
738 1553 923 1643 βασιλεὺς
946 1553 1028 1650 ἀρχή
1051 1586 1102 1640 τις
1119 1555 1279 1651 Ἀθήνησι
1302 1565 1361 1630 καὶ

183 1662 204 1757 ἡ
232 1669 364 1735 ἐκείνου
391 1670 580 1756 βασιλίςθ)
613 1671 670 1734 καὶ
696 1669 897 1749 βασίλειος
930 1665 1001 1733 ἐκεῖ
1031 1661 1180 1758 στοὰθ),
1211 1671 1361 1757 πλησίον

183 1783 242 1863 τῆς
265 1782 328 1842 τοῦ
351 1774 547 1861 ἐλευθερίου
570 1768 647 1853 Διὸς
671 1783 781 1853 στοᾶς.

274 2041 297 2111 ⁸)
316 2041 350 2097 of.
370 2042 401 2097 B.
422 2044 454 2097 A.
474 2043 540 2105 224,
560 2044 601 2096 12,
630 2043 702 2098 unde
722 2043 837 2096 Seleuco
861 2041 1076 2112 explicationem
1103 2042 1201 2099 deberi
1228 2048 1360 2113 apertum

186 2138 229 2187 ost
247 2133 290 2198 (τε
308 2130 447 2200 Hesyoh.).
471 2130 595 2200 Utraque
614 2130 706 2199 glossa
724 2147 779 2185 non
798 2147 832 2186 ex
850 2131 932 2186 Aelio
951 2132 1009 2200 ipso
1028 2130 1118 2202 fluxit,
1137 2133 1186 2188 sed
1205 2149 1241 2188 ox
1259 2135 1360 2190 eodem

185 2221 260 2276 fonto
280 2226 364 2288 atque
382 2219 458 2274 illius
477 2220 568 2287 glossa
586 2219 677 2289 petita
695 2223 745 2285 ost,
766 2218 801 2275 of.
820 2219 889 2275 Poll.
908 2221 945 2274 II.
964 2221 1025 2276 200.

273 2311 296 2376 ⁴)
314 2307 491 2363 Proverbium
511 2325 574 2364 oum
591 2307 684 2376 glossa
703 2303 795 2378 βοτήρ
813 2307 990 2365 conlunotum
1008 2309 1097 2365 habos
1109 2311 1140 2365 in
1151 2309 1196 2364 Et.
1210 2310 1249 2366 M.
1263 2311 1360 2380 1924

184 2395 287 2470 βοτὴρ·
307 2391 323 2466 ἡ
343 2392 412 2468 αρχέ
435 2398 493 2450 τῶν
511 2400 561 2452 τοῦ
581 2391 745 2452 πεντάθλου
764 2392 950 2464 σκαμμοὶτον.

344 2481 432 2542 αὐτὸν
450 2483 614 2558 κέκρονιιας
632 2482 683 2541 τὸν
700 2489 812 2557 βατῆρα
831 2488 882 2541 τοῦ
900 2481 988 2558 λόγου

187 2577 257 2646 φησί
276 2593 328 2640 τις,
355 2567 415 2630 οἷον
437 2569 470 2630 τὸ
489 2569 716 2647 έπικαιροίτατον
734 2577 783 2629 καί
801 2569 834 2630 τὸ
853 2575 977 2646 πρῶτον.
1011 2572 1177 2648 ῥητορικὴ
1202 2573 1237 2632 δέ
1260 2572 1360 2632 ἐστιν

184 2659 201 2734 ἡ
226 2662 316 2730 λέξις
338 2665 407 2734 (eod.
426 2655 574 2736 ῥηματική.
599 2680 668 2720 corr.
687 2664 811 2735 Heydon.
831 2681 858 2733 p.
876 2665 948 2734 206),
972 2665 1047 2721 idem
1069 2665 1143 2722 auio.
1163 2665 1229 2721 Zon.
1249 2682 1276 2735 p.
1294 2667 1358 2723 371.

185 2753 220 2809 of.
239 2754 328 2809 Kook.
348 2755 421 2810 Gom.
441 2754 490 2808 ΙΙΙ.
509 2769 536 2822 p.
557 2753 616 2809 755.
637 2784 670 2792 -
689 2752 867 2808 Proverbium
890 2754 977 2809 solum
1000 2755 1094 2825 paullo
1117 2755 1293 2811 immutatum
1312 2771 1359 2826 ap.

184 2843 252 2898 Poll.
272 2844 289 2898 I.
309 2843 328 2897 l.
349 2843 383 2899 of.
403 2841 479 2901 Suid.
497 2859 518 2898 s.
537 2860 562 2897 v.
581 2843 697 2912 Diogen.
717 2843 766 2896 Ill.
785 2841 829 2898 38.

231 2933 273 2986 91.
293 2933 314 2998 ¹)
338 2931 414 3000 Quae
438 2931 529 2986 omnia
552 2931 683 2986 attioistIs
706 2931 804 2986 deberi
827 2947 862 2986 ox
885 2947 952 2986 vooe
980 2931 1226 3003 διαβασιλέςεσθαι
1256 2930 1358 3000 officio,

186 3019 263 3074 ouius
283 3018 435 3089 explicatio
454 3018 565 3088 saepius
584 3023 682 3076 eadem
700 3020 774 3075 redit
792 3020 827 3076 of.
847 3024 903 3076 not.
923 3023 947 3076 7.

275 3109 295 3175 ²)
314 3108 415 3162 Contra
439 3107 563 3177 disputat
581 3109 681 3180 Phryn.
699 3109 766 3166 Lob.
785 3127 812 3180 p.
832 3111 892 3166 225.
917 3115 946 3165 et
963 3110 1064 3181 Phryn.
1084 3124 1127 3180 ap.
1147 3111 1178 3165 B.
1197 3110 1230 3165 A.
1250 3109 1294 3177 84,
1313 3111 1357 3167 26.

120 3262 122 3267 1
184 3196 282 3259 Falso,
306 3212 367 3251 oum
392 3195 428 3251 ad
449 3197 597 3251 Menandri
621 3197 809 3253 testimonium
830 3200 891 3269 ipse
915 3199 972 3254 alia
995 3199 1117 3268 optimae
1140 3203 1223 3254 notae
1246 3198 1356 3265 afferat,

185 3284 285 3340 Alcaei
303 3284 346 3354 (ir.
362 3287 387 3340 6.
403 3284 492 3351 Kook)
511 3288 540 3340 et
554 3285 713 3341 Aristotelis
728 3288 847 3357 (Fragm.
862 3289 905 3343 ed.
920 3289 953 3344 V.
968 3288 1041 3343 Rosa
1055 3304 1082 3357 p.
1098 3287 1168 3358 197).
1188 3287 1256 3343 (lum
1269 3288 1357 3360 Phry·

184 3373 267 3429 nioho
290 3371 359 3427 facit
380 3373 483 3428 Moeris
506 3391 533 3442 p.
553 3375 617 3444 192,
637 3376 679 3430 27.
703 3376 791 3431 Bekk.
819 3377 974 3448 βασίλισσα
997 3381 1041 3443 (=
1059 3375 1167 3446 regius)
1190 3391 1234 3446 op.
1253 3377 1357 3433 Athon.

186 3463 262 3517 XIII.
276 3462 357 3518 5860
371 3478 405 3518 ex
417 3462 587 3518 Philemonis
600 3464 753 3536 Babylonio
767 3464 810 3533 (fr.
825 3468 867 3521 16.
882 3466 970 3534 Kook)
983 3465 1017 3521 of.
1030 3466 1068 3522 ib.
1081 3465 1169 3523 5950.
1181 3495 1217 3506 -—
1228 3464 1358 3521 Eustath.

187 3570 213 3622 p.
234 3553 313 3618 1514,
332 3552 376 3607 33.

273 3641 295 3710 ³)
314 3640 349 3696 of.
368 3641 435 3696 Hes.
454 3642 523 3697 Poll.
543 3643 603 3699 VII.
623 3644 666 3699 85.

272 3733 285 3762 ⁴
314 3733 360 3785 An
378 3747 430 3786 vox
448 3736 526 3786 recte
545 3747 576 3787 se
594 3733 706 3798 habeat,
726 3732 839 3787 dubium
858 3736 908 3788 eso.
933 3733 998 3788 Hes.
1018 3733 1166 3804 βασίλειον
1183 3734 1310 3804 praebet.

314 3819 348 3876 ol.
368 3820 433 3875 lies.
453 3820 522 3875 Poll.
541 3821 590 3875 IX.
611 3823 670 3888 110,
690 3821 775 3895 Gohn,
793 3822 908 3877 Jahrbb.
929 3822 990 3876 XII.
1011 3823 1071 3877 370.

313 3908 347 3963 of.
366 3909 432 3964 Hes.
451 3911 649 3979 βασιλειῶντα.

315 4013 390 4053 conv.
410 3997 484 4053 Suid.
503 3999 548 4054 Et.
568 4000 606 4054 M.
626 4001 687 4066 266,
707 3999 750 4053 14.
768 4000 799 4055 Β.
819 4002 852 4054 Α.
873 4000 933 4066 241,
952 4000 996 4054 24.

273 4085 295 4155 8)
314 4086 375 4141 Huc
393 4086 541 4143 referenda
558 4093 624 4157 puto
642 4089 687 4142 Et.
700 4089 737 4144 M.
753 4090 812 4158 189,
832 4089 856 4142 7.
875 4090 997 4158 βασιλὶς·
1021 4081 1038 4157 ἦ
1058 4091 1111 4143 τοῦ
1129 4085 1270 4160 βασιλέως
1287 4083 1357 4159 γυνὴ

185 4167 224 4237 ὡς
242 4175 291 4227 καί
308 4177 426 4245 βαλανίς
443 4168 460 4244 ἢ
480 4176 532 4231 τοῦ
549 4175 703 4247 βαλανέως.
724 4171 867 4249 ῥητορική.
889 4177 924 4233 of.
944 4177 1019 4233 Soio.
1038 4177 1106 4234 Lex.
1125 4177 1239 4233 Baohm.
1259 4177 1319 4244 179,
1332 4179 1357 4232 5.

185 4261 220 4318 of.
239 4263 364 4333 Hoyden.
383 4281 411 4334 p.
428 4265 489 4320 255.
1169 4281 1171 4285 '

275 4351 295 4420 ⁹)
314 4351 390 4421 Quae
413 4357 490 4408 recte
514 4369 543 4408 se
566 4354 670 4410 habero
694 4370 840 4424 cognosces
864 4372 899 4410 ox
918 4356 1004 4426 Harp.
1024 4372 1045 4410 s.
1065 4373 1090 4411 v.
1119 4354 1240 4413 Confusa
1261 4370 1306 4426 ap.
1325 4353 1356 4408 B.
