3000 5040
676 257 718 323 88

113 425 212 508 δοχῆς
235 421 291 487 καί
309 411 601 504 ἀγγαρεύεσθαι
624 409 664 483 τὸ
684 415 730 494 είς
748 416 933 502 ῳορτηγίαν
951 415 1009 480 καί
1027 408 1193 500 τοιαύτην
1211 404 1284 479 τινὰ

113 522 297 615 ὑπηρεσίαν
326 519 476 610 ἄγεσθαι.
512 523 758 612 [Μένανδρος
785 523 842 587 καὶ
868 528 971 588 τοῦτο
1001 519 1042 587 έν
1069 521 1284 606 Σικυωνίῳ

113 635 166 720 (ir.
190 632 281 719 440.)
304 632 518 717 παρίστησιν·

273 730 292 804 ὃ
315 735 431 803 πλέων
454 732 621 822 κατήχθη·
645 726 781 821 κρίνεθ’
805 723 906 812 οὗτος
927 732 1088 818 πολέμιος

85 868 98 907 1
272 835 332 910 ίάν
356 839 411 928 ἔχη
434 866 467 908 τι
489 833 642 927 μαλακὸν
666 834 905 928 άγγαρεύεται.]

202 951 229 1016 7.
271 949 443 1016 Eustath.
471 972 501 1033 p.
532 949 633 1025 1399,
660 949 712 1014 60.
745 948 800 1013 ἐπὶ
827 939 889 1033 γάρ
922 942 1071 1032 ἐμψύχου
1103 958 1215 1014 κεῖται
1245 940 1283 1016 τὸ

112 1051 237 1140 άγειν,
264 1049 311 1134 ὡς
338 1057 395 1121 καί
422 1047 490 1141 πρὸ
518 1054 670 1141 βραχέων
698 1053 838 1140 εἴρηται,
866 1045 943 1119 ἀλλ’
967 1045 1031 1119 ούκ
1054 1045 1105 1119 ciel
1131 1045 1284 1142 ούτωςίγ

112 1163 198 1245 λέξις
221 1164 362 1229 τίθεται.
392 1163 467 1245 δίχα
489 1168 572 1246 γοῦν
595 1168 666 1226 τῶν
690 1154 804 1226 ἄλλων
827 1161 908 1247 φησὶ
931 1151 1030 1226 καὶὸ
1053 1161 1284 1240 Παυσανίας

111 1261 164 1335 ὅτι
187 1263 279 1355 άγειν
302 1270 359 1334 καί
381 1261 522 1353 ὑπάγειν
544 1269 601 1333 καὶ
625 1265 680 1333 ἐπὶ
702 1273 765 1333 τοῦ
787 1267 901 1333 πίνειν
923 1265 1053 1352 λέγεται
1063 1268 1099 1352 ¹).

72 1400 97 1438 ιο
200 1376 229 1442 8.
270 1375 445 1440 Eusteth.
474 1398 504 1459 p.
535 1375 634 1451 1400,
664 1374 692 1440 1.
721 1373 800 1461 (seq.
827 1373 865 1439 fr.
894 1373 938 1459 7).
970 1372 1110 1451 Αἴλιος
1141 1371 1283 1441 Διονύ-

112 1478 197 1560 σιός
215 1499 316 1569 φησιν
336 1474 406 1566 ἄγη
412 1483 496 1565 μαι)
514 1471 607 1566 παρὰ
621 1475 795 1546 Μακεδόσι
809 1474 918 1565 τάγμα
936 1470 1130 1547 α’πόλεκτον
1150 1478 1283 1548 λοιπέων

111 1591 167 1654 καὶ
192 1581 343 1655 ὁπλιτῶν
353 1589 390 1675 ²).

201 1697 230 1762 9.
263 1693 436 1761 Eustath.
455 1717 485 1780 p.
507 1693 602 1772 1430,
620 1693 664 1758 34
674 1693 710 1781 ¹).
739 1690 774 1775 ἐξ
797 1684 898 1780 αύτῆς
922 1693 957 1759 δὲ
981 1691 1036 1780 (ac.
1057 1686 1220 1782 άγείρειν)
1243 1688 1283 1762 ού

110 1799 218 1889 μόνον
247 1794 450 1888 α’γύρτηςί)
479 1793 565 1866 κατά
588 1792 668 1878 τούς
690 1791 854 1879 παλαιούς
881 1792 900 1866 ὃ
925 1792 1070 1887 αἰγείρων
1097 1794 1201 1886 ὄχλον
1228 1803 1282 1869 καὶ

72 1932 97 1971 11
112 1901 271 1974 άπατεών
294 1909 351 1973 καὶ
374 1899 523 1990 άλαζών,
550 1909 608 1972 καὶ
630 1899 738 1992 ὄνομα
762 1907 798 1973 δὲ
820 1902 926 1988 βόλον
953 1911 1170 1990 κυβευτικοῦ,
1199 1901 1283 1975 ἀλλὰ

110 2015 168 2080 καὶ
182 2007 319 2100 ἄγυρις
329 2064 413 2078 .....
425 2013 553 2099 λέγεται
568 2013 604 2080 δὲ
623 2005 709 2079 κατὰ
724 2012 868 2080 Αίλιον
886 2006 1282 2102 ΔιονύσιονἎλικαρ-

111 2120 258 2187 νασσέα
287 2112 431 2205 ἀγείρειν
458 2121 516 2185 καὶ
543 2112 583 2186 τὸ
605 2119 784 2206 περιϊέναι,
812 2121 869 2185 καί
891 2131 1104 2207 περινοστεῖν
1128 2119 1186 2188 ἐπὶ
1208 2123 1283 2206 νίκη

110 2220 131 2314 ἢ
157 2222 260 2313 ἑτέρῳ
283 2227 365 2308 τινί,
393 2243 501 2313 φησι,
528 2222 675 2313 τοιούτῳ
705 2222 929 2314 <σεμνύνειν>,
957 2217 1043 2294 ὅθεν
1070 2225 1152 2306 ἴσως
1179 2220 1283 2295 καὶὸ

109 2513 215 2580 μοσίαν
226 2515 328 2586 χρείαν
347 2507 506 2584 ὑπηρετεῖν.
526 2515 570 2581 (=
589 2510 664 2567 Suid.
684 2513 720 2582 gl.
741 2513 764 2566 1.
783 2513 809 2568 3.
828 2512 860 2568 B.
879 2512 941 2579 212,
960 2513 985 2568 3.
1004 2511 1125 2582 Hesych.
1146 2528 1168 2568 s.
1187 2529 1214 2568 v.
1235 2505 1284 2583 ἄγ-

110 2621 199 2674 γαρος
222 2602 343 2673 pricrem
367 2607 396 2658 et
418 2602 536 2657 alteram
554 2601 655 2657 Suidae
678 2602 797 2671 glossam
821 2601 851 2656 in
869 2616 952 2657 unam
971 2600 1133 2656 coniunctas
1157 2601 1284 2669 exhibet)

110 2691 205 2746 Cobet.
225 2691 327 2747 Mnem.
347 2691 382 2746 X.
397 2691 439 2747 64.
458 2690 532 2746 huno
549 2692 640 2745 locum
654 2690 811 2745 Pausaniae
824 2689 948 2746 tribuere
967 2689 1068 2745 studet.
1096 2689 1204 2744 Eadem
1219 2690 1283 2746 doc·

110 2780 186 2834 trina
203 2780 324 2834 reditio
343 2780 397 2834 lex.
417 2780 531 2835 Omtab.
550 2779 628 2846 (Lex.
648 2778 765 2834 Vindob.
789 2796 816 2848 p.
841 2779 906 2844 352,
931 2779 973 2834 15.
992 2777 1103 2846 Nauck)
1126 2802 1162 2824 ε-
1186 2778 1282 2835 Claud

110 2867 229 2923 Casilon.
253 2885 298 2937 ap.
317 2867 388 2923 Mill.
408 2869 475 2925 Mel.
495 2869 567 2936 397,
586 2870 668 2937 unde,
688 2869 712 2923 si
732 2868 834 2924 (lobeto
853 2867 1032 2934 assentimur,
1050 2867 1221 2924 Pausaniam
1239 2867 1285 2923 vel

109 2958 255 3012 Irenaeum
282 2956 373 3025 ipsum
400 2957 504 3012 adiisse
531 2956 577 3012 vel
605 2972 641 3012 ex
668 2956 724 3012 alio
750 2957 867 3026 quodam
891 2955 968 3012 fonte
992 2955 1179 3027 (Pamphiloll
1206 2955 1284 3012 illius

110 3045 209 3115 opibus
231 3062 310 3101 usum
330 3061 391 3100 esse
410 3062 473 3101 cum
492 3045 595 3101 Oohnio
614 3046 633 3100 l.
653 3046 671 3100 l.
692 3047 835 3102 concedes.

155 3135 179 3188 1.
199 3135 222 3202 1)
240 3135 271 3189 Β.
290 3136 324 3190 a.
343 3134 405 3203 aas,
424 3136 467 3190 aa.
495 3135 544 3188 και
567 3126 648 3204 σχειν
671 3130 735 3189 ενα
753 3135 806 3189 wo
824 3133 927 3197 πίνειν,
951 3120 1025 3203 ὅπερ
1044 3128 1164 3204 ἐπάγειν
1184 3126 1285 3205 ελεγον

110 3218 137 3276 oi
154 3218 276 3277 Ἀττικοί.
315 3222 413 3278 Totam
433 3222 552 3292 glossam
571 3223 644 3278 sexti
663 3222 748 3279 lexici
765 3223 855 3278 Beklr.
874 3221 938 3278 ideo
952 3220 1108 3277 Pausaniae
1126 3221 1283 3288 tribuerim,

111 3327 172 3366 cum
196 3327 262 3365 usus
285 3311 362 3366 verbi
385 3303 467 3382 άγειν
489 3311 582 3367 varius
605 3317 634 3366 et
657 3311 805 3381 multiplex
823 3310 883 3367 illic
902 3313 1047 3366 enarretur
1066 3312 1096 3365 et
1113 3310 1281 3371 Pausaniam

109 3400 144 3454 de
164 3399 352 3469 compluribus
370 3400 449 3456 verbi
468 3392 549 3472 άγειν
567 3399 815 3470 significationibus
833 3401 924 3470 egisse
943 3399 1020 3455 Eust.
1039 3397 1153 3454 iudicet.
1237 3378 1243 3400 ’

154 3491 179 3544 8.
202 3490 221 3554 1)
239 3487 389 3559 Duplicem
407 3489 559 3544 doctrinam
579 3489 724 3559 proferunt
741 3490 807 3544 Hcs.
826 3491 857 3544 B.
877 3491 912 3544 A.
930 3489 992 3556 327,
1011 3489 1054 3544 26.
1073 3487 1118 3542 Et.
1138 3487 1177 3544 M.
1191 3490 1235 3556 10,
1247 3489 1282 3544 36

108 3570 205 3647 άγημα
224 3574 256 3633 τὸ
277 3573 380 3648 προϊὸν
401 3580 450 3633 τοτ’·
468 3575 610 3649 βασιλέως
628 3574 724 3649 τάγμα
744 3573 908 3648 ἐλεφάντων
926 3578 975 3632 καί
991 3571 1090 3631 ἳππων
1107 3578 1158 3631 καί
1176 3578 1281 3646 πεζῶν.

109 3663 140 3720 oi
159 3664 195 3722 δὲ
214 3663 246 3722 τὸ
266 3660 384 3739 ἄριστον
402 3669 450 3734 τῆς
467 3667 668 3735 Μακεδονικῆς
687 3662 856 3733 συντάξεως.
875 3691 910 3712 =
925 3665 1009 3734 Suid,
1029 3664 1077 3734 qui
1095 3664 1190 3720 addit:
1213 3683 1281 3737 κρα-

109 3750 190 3809 ταιὸν
209 3749 323 3811 ὁπλίσει
341 3757 390 3810 καί
409 3749 551 3822 σωμάτων
570 3753 674 3829 εὐεξίη.
694 3757 755 3810 Asi.
769 3756 850 3811 Dion.
868 3755 954 3824 igitur
966 3753 1093 3810 doctrina
1112 3755 1203 3811 altero
1221 3755 1282 3811 loco

107 3842 256 3911 profertur.
293 3843 373 3900 Prior
392 3844 518 3899 doctrina
536 3844 656 3900 recurrit
674 3861 719 3913 ap.
737 3845 816 3900 Eust.
836 3845 913 3909 1877,
933 3844 976 3899 60.

152 3933 177 3986 9.
197 3933 219 3988 Ῑ)
242 3932 345 3988 Locum
369 3932 584 3988 Eustathianum
607 3949 692 4003 supra
715 3932 831 3988 allatum
857 3932 983 4002 sequitur
1010 3932 1177 4003 etymologia
1200 3925 1282 4004 ἄγειν

107 4015 236 4074 ἀπὸτοῦ
256 4017 364 4091 ἀγητοῦ
382 4024 464 4090 (quae
482 4021 603 4078 recurrit
620 4022 697 4077 Eust.
719 4023 802 4090 1877,
821 4023 887 4088 62),
912 4020 1012 4076 deinde
1031 4021 1066 4077 de
1089 4013 1184 4092 οἴγειν·
1208 4021 1282 4077 κλεῖν

108 4109 256 4178 episcopus
275 4110 390 4180 exponit
409 4113 492 4167 etde
511 4127 577 4167 voce
596 4103 674 4182 άγμα
692 4110 773 4181 plura
790 4109 904 4181 profert.
925 4109 959 4166 cf.
979 4108 1013 4164 ir.
1032 4110 1093 4165 341.

200 4197 220 4263 ²)
239 4198 351 4268 Duplex
370 4199 498 4255 doctrina
515 4218 533 4256 a
552 4200 635 4256 Suida
654 4200 802 4270 profertur.
830 4198 909 4254 Prior
923 4199 1028 4268 glossa:
1049 4192 1186 4268 ἀγύρτης·
1205 4214 1280 4254 πτω-

104 4278 166 4354 χὸς,
185 4281 359 4357 ὀχλαγαγὸς,
378 4284 503 4357 ἐπαίτης,
524 4285 695 4360 φιλοκερδὴς
708 4281 727 4358 ἢ
740 4283 932 4360 συρφετώδης.
954 4281 1014 4343 ἔστι
1029 4284 1059 4342 δὲ
1073 4290 1122 4344 καί
1133 4283 1220 4359 βόλος
1233 4307 1280 4344 κν·

106 4370 248 4445 βεντικὸς,
267 4377 316 4431 καί
335 4370 446 4442 Γάλλος
464 4379 513 4433 καί
530 4371 637 4446 μάντις,
657 4371 696 4442 ὡς
711 4375 810 4433 Ἀπίων
828 4380 872 4447 (=
884 4377 1083 4448 Hes-Apionis
1099 4392 1201 4434 nomen
1219 4393 1279 4434 cor·
