3000 5040
791 214 853 280 136

234 379 378 463 ρίθμους
400 387 472 454 τοῖς
493 379 618 461 βωμοῖς
640 381 702 441 τοῦ
724 370 889 441 Διονύσου
910 367 964 440 διὰ
982 397 1022 440 το
1040 375 1207 461 γεραίρειν
1224 364 1407 441 τὸνθεόν.

235 475 326 550 οὕτω
350 477 560 559 Διονύσιος
583 474 954 568 ὁἉλικαρνασσεύς.

327 589 397 656 104.
430 589 602 654 Eustath.
621 611 651 672 p.
672 589 746 665 231,
765 587 816 653 35.
850 586 962 653 ίστέον
982 586 1017 653 δὲ
1037 577 1090 653 ὅτι
1114 585 1151 652 έν
1174 598 1244 664 τοῖς
1262 585 1408 652 Αἰλίου

234 696 448 762 Διονυσίου
472 695 609 780 φέρεται
632 697 689 760 καί
713 686 765 761 ὅτι
788 694 917 780 γέρην·
940 687 961 780 ι)
985 689 1106 780 θήλεια
1128 693 1275 780 γέρανος.

207 822 220 863 s
325 802 396 868 105.
425 803 595 868 Eustath.
610 825 639 886 p.
657 802 751 879 1924,
770 803 794 866 l.
823 792 863 865 τὸ
882 800 997 884 μέντοι
1015 799 1194 886 γέρρον1)
1213 792 1253 866 τὸ
1273 799 1311 866 έν
1330 799 1408 866 δυσὶ

233 933 253 994 ρ
281 906 314 974 οἱ
340 899 422 993 μεθ’
438 900 581 995 Ὅμηρον
608 903 805 993 γράφουσιν.
840 903 909 972 έστι
941 906 990 986 δέ,
1024 922 1120 989 φασι,
1147 906 1269 992 γέρρον
1297 898 1409 986 οἷσπὶς,

232 1010 419 1102 πρόβλημα,
438 1010 571 1100 θυρεός.
604 1013 746 1101 [ε’ίρηται
765 1012 803 1078 δέ
824 1037 856 1078 τι
879 1014 958 1098 περὶ
980 1004 1086 1078 αὐτοῦ
1108 1013 1166 1078 καὶ
1190 1011 1227 1078 έν
1249 1023 1322 1090 τοῖς
1344 1018 1409 1078 τοῦ

232 1125 459 1209 περιηγητοῦ]
486 1117 688 1206 λαμβάνεται
709 1121 820 1186 δὲκαὶ
840 1119 895 1186 ἐπὶ
918 1126 1072 1205 φραγμοῦ
1094 1115 1254 1185 τοιούτου
1276 1111 1297 1206 ἦ
1321 1118 1409 1200 λέξις

234 1229 291 1294 καὶ
310 1235 440 1314 σκηνῆς.
474 1229 702 1305 Παυσανίας
723 1227 758 1294 δὲ
777 1223 898 1313 γράφει
917 1217 1021 1292 οὕτω·
1045 1225 1178 1312 γέρρα·
1203 1220 1409 1312 σκηνώματα

195 1354 221 1394 1⁰
234 1335 291 1400 καὶ
308 1325 457 1419 Περσικὰ
481 1324 581 1414 ὅπλα,
604 1325 723 1400 καὶτὸ
746 1341 818 1399 τοῖν
842 1326 978 1418 ἀνδρῶν
1002 1334 1253 1418 καὶγυναικῶν
1275 1327 1409 1417 μόριον,

234 1442 291 1507 καὶ
316 1436 579 1526 περιφράγματα.
612 1439 752 1517 Α’ίλιος
785 1440 824 1505 δὲ
853 1435 1076 1519 Διονύσιος,
1110 1430 1163 1505 ὅτι
1195 1438 1317 1524 γέρρον
1350 1438 1409 1502 καὶ
1451 1465 1454 1470 ·

234 1545 267 1613 οἱ
289 1546 595 1632 περιπεφραγμένοι
617 1543 719 1613 τόποι
741 1547 798 1611 καὶ
816 1539 955 1624 ἀσπίδες
973 1546 1135 1631 Περσικαὶ
1159 1543 1196 1610 έκ
1219 1540 1332 1630 λόγοον
1350 1545 1409 1608 καὶ

235 1649 391 1720 οίσύινοι·
415 1657 555 1719 καλοῦσι
575 1653 620 1734 δέ,
644 1670 778 1740 φησιν,
802 1645 892 1719 οὕτω
913 1650 946 1718 οἱ
964 1653 1109 1737 κοομικοὶ
1131 1653 1189 1717 καὶ
1210 1643 1261 1733 τὸ,
1284 1642 1332 1728 ὡς
1355 1649 1408 1734 έρ-

234 1759 330 1846 pete,
352 1771 552 1844 γυναικεῖον.

195 1884 221 1926 rs
325 1866 397 1931 106.
421 1866 636 1949 Eustathp.
655 1864 750 1943 1923,
769 1867 858 1952 631).
894 1867 1123 1942 Παυσανίας
1146 1856 1247 1950 λέγει,
1271 1854 1325 1930 ὅτι
1346 1864 1407 1950 γέ-

234 1995 315 2057 ρων
343 1971 504 2056 (Meineke
531 1994 548 2036 e
575 1971 675 2058 γέρον
699 1973 849 2059 correxit)
874 1968 976 2054 ξύλον
1005 1973 1134 2038 στυλίδι
1161 1967 1407 2058 παραπλήσιον,

234 2193 344 2274 ἄρρητα
367 2196 431 2273 ἱερὰ
455 2197 584 2276 Διονύσῳ
609 2193 697 2257 έθυον
719 2198 785 2270 μετ’
805 2195 890 2271 ἄλλης
914 2202 1045 2273 θεωρίας.
1080 2201 1203 2270 καθίστη
1227 2199 1258 2256 δὲ
1282 2194 1407 2266 αὐτὰςὸ

233 2285 367 2362 βασιλεὺς
386 2283 475 2355 οὔσας
491 2291 762 2362 τετταρασκαίσεκα.
791 2293 822 2346 Β.
840 2294 874 2346 A.
893 2292 954 2357 228,
974 2293 999 2346 9.
1027 2293 1052 2345 A
1072 2290 1170 2360 quibus
1189 2289 1304 2360 seiunge
1323 2291 1354 2344 B.
1374 2291 1407 2344 A.

234 2379 295 2446 231,
314 2379 357 2434 30.
1379 2371 1392 2390 ’

280 2468 340 2524 104.
359 2468 465 2536 ¹)Hes.
490 2466 585 2540 γέρην.
616 2461 734 2536 ἔντιμος.
765 2465 792 2523 ol
811 2466 841 2523 δέ
865 2466 987 2539 γέρανος
1009 2463 1140 2536 (θήλεια).
1179 2468 1255 2536 Quae
1279 2468 1408 2524 doctrina

235 2557 382 2627 singularis
406 2560 481 2628 apud
504 2562 613 2613 veteres
636 2574 690 2612 non
713 2558 840 2613 recurrit.
877 2558 920 2612 De
948 2557 1062 2626 gruibus
1090 2556 1201 2612 feminis
1225 2556 1407 2612 Aristotelem

236 2646 347 2715 quidem
366 2663 476 2717 semper
494 2644 615 2718 γέρανος
633 2663 727 2702 vocem
747 2645 906 2702 adhibuisse
925 2645 1014 2713 video,
1033 2645 1068 2702 cf.
1083 2645 1204 2716 exempli
1221 2647 1313 2716 gratia
1332 2647 1405 2702 Hist.

234 2736 325 2791 Anim.
345 2736 394 2790 IX.
413 2737 455 2791 12.
474 2736 564 2790 τίκτει
583 2734 613 2790 δέ
632 2733 753 2807 γέρανος
772 2731 822 2790 δύο
842 2731 892 2808 ᾠά.

280 2826 340 2880 105.
360 2826 381 2890 1)
401 2825 468 2880 Cum
496 2825 623 2880 doctrina
650 2825 794 2894 utriusque
812 2813 964 2880 'atticistae
986 2827 1132 2894 tantopere
1156 2823 1272 2879 alterius
1295 2827 1407 2894 aequet,

235 2911 401 2968 difficillime
413 2914 470 2969 dici
478 2917 578 2983 potest,
593 2915 650 2970 utri
663 2914 847 2984 posteriorum
855 2914 963 2983 glossae
979 2913 1178 2968 adscribendae
1193 2913 1256 2968 sint.
1275 2913 1408 2969 Fortasse

234 3003 270 3057 ad
284 3001 450 3057 Pausaniam
464 3002 539 3057 Suid.
554 3004 590 3072 gl.
607 3005 630 3058 1.
645 3001 744 3074 γέρρα.
764 2999 842 3073 παρὰ
856 3005 989 3066 Σικελοῖς
1003 3002 1030 3071 (ἰ.
1041 3018 1065 3058 e.
1081 3001 1257 3071 EpicharmO,
1269 3001 1304 3056 of.
1315 3002 1408 3058 Schol.

234 3091 299 3146 Luc.
319 3091 366 3146 IV.
386 3108 412 3160 p.
432 3092 484 3146 213
503 3092 562 3146 Jac.
582 3093 633 3145 An.
653 3092 765 3146 Bachm.
784 3093 819 3146 ll.
839 3108 865 3161 p.
885 3091 946 3146 339.
971 3092 1091 3159 Lorenz,
1114 3090 1213 3160 Epich.
1237 3107 1263 3159 p.
1283 3089 1348 3160 287)
1372 3085 1408 3145 τὰ

233 3185 381 3249 γυναικεῖα
400 3180 449 3234 καί
468 3173 585 3248 ἀνδρεῖα
604 3176 697 3234 αἰδοῖα
715 3179 909 3248 redigendum,
929 3179 964 3234 cf.
983 3179 1049 3234 Hes.
1068 3180 1105 3248 gl.
1125 3181 1150 3234 2.
1178 3179 1307 3248 Append.
1326 3179 1406 3234 Prov.

233 3268 254 3321 I.
279 3268 314 3322 72
336 3267 418 3334 (Mill.
442 3267 508 3322 Mel.
532 3285 559 3337 p.
583 3269 655 3335 374.)
678 3271 749 3336 quod
772 3285 835 3323 cum
858 3267 1014 3323 Pausaniae
1036 3267 1144 3323 ratione
1167 3266 1321 3333 scribendi,
1346 3283 1409 3322 oum

232 3355 379 3426 proverbia
397 3356 425 3410 ei
444 3355 624 3412 dilectissima
643 3361 744 3423 essent,
763 3357 866 3426 optime
886 3361 1057 3425 congrueret.
1094 3356 1171 3412 Aelii
1189 3371 1254 3411 vero
1280 3354 1409 3410 doctrina

234 3445 269 3500 ad
294 3446 404 3500 eosdem
428 3445 533 3500 Siculos
557 3445 700 3500 reducitur
722 3462 766 3515 ap.
790 3446 835 3500 Et.
860 3446 929 3500 Gud.
955 3447 1019 3512 622,
1038 3446 1081 3502 40.
1105 3446 1149 3500 Et.
1168 3463 1205 3500 m.
1223 3446 1289 3510 228,
1308 3444 1352 3499 42.
1372 3475 1409 3484 --

233 3533 380 3590 Uberrima
402 3532 432 3588 in
455 3534 545 3589 Schol.
568 3534 635 3588 Luc.
659 3533 729 3602 1.1.,
752 3536 824 3603 quod
846 3535 952 3604 Freyer
974 3552 1001 3603 p.
1020 3536 1073 3590 368
1097 3538 1185 3589 totum
1208 3534 1245 3588 ad
1267 3531 1408 3588 atticistas

233 3621 339 3677 referre
358 3638 412 3678 non
431 3622 548 3678 dubitat.
585 3622 684 3679 Suidas
708 3626 837 3692 quattuor
855 3623 961 3691 glossas
979 3623 1110 3693 praebet,
1134 3638 1251 3691 quarum
1269 3621 1306 3690 gl.
1325 3623 1351 3676 1.
1371 3621 1409 3675 ad

233 3711 413 3778 Pausaniam,
432 3713 469 3781 gl.
488 3713 514 3766 4.
534 3713 570 3768 ad
588 3712 700 3767 Aelium
718 3712 799 3767 Dion.
818 3711 987 3779 rettulerim,
1012 3713 1048 3781 gl.
1068 3714 1084 3767 3
1107 3709 1271 3766 recentioris
1290 3715 1334 3765 est
1352 3709 1407 3764 ori-

234 3800 315 3870 ginis,
334 3802 370 3870 gl.
390 3803 415 3856 2.
436 3817 497 3856 oum
516 3801 649 3870 Harpoor.
669 3801 796 3856 doctrina
815 3801 963 3870 conspirat.
984 3832 1016 3840 —
1036 3801 1081 3855 Et.
1094 3801 1132 3854 M.
1146 3801 1208 3869 228,
1221 3801 1264 3855 42.
1276 3799 1321 3854 Et.
1336 3798 1407 3854 Gud.

234 3891 298 3956 133,
318 3891 360 3944 34.
380 3891 422 3946 58.
441 3891 487 3946 Et.
508 3889 553 3945 Or.
573 3891 620 3957 42,
639 3891 681 3944 24.
701 3891 768 3945 Lex.
788 3891 901 3946 Bachm.
922 3891 986 3959 184,
1005 3891 1047 3945 30.
1073 3906 1108 3944 ex
1135 3895 1252 3957 utraque
1281 3888 1408 3943 doctrina

234 3977 354 4033 conflata
376 3978 519 4046 videntur,
548 3978 582 4034 cl.
601 3980 633 4034 Β.
652 3981 685 4034 A.
705 3981 753 4046 33,
773 3981 797 4034 1.
817 3981 860 4036 25.
880 3980 945 4048 227,
966 3981 990 4033 1.
1010 3979 1099 4034 Schol.
1120 3980 1167 4032 Ar.
1187 3977 1256 4032 Ach.
1277 3978 1320 4031 22.
1339 3977 1406 4030 Hes.

233 4065 269 4136 gl.
290 4070 314 4121 1.
334 4067 424 4123 Schol.
443 4069 510 4123 Luc.
531 4068 583 4123 vol.
603 4069 651 4124 17.
671 4085 698 4138 p.
718 4070 760 4123 72.
781 4069 916 4124 Jacobitz.
935 4069 1036 4123 Aescb.
1056 4066 1089 4120 fr.
1110 4069 1170 4122 331.
1190 4066 1297 4121 Nauck.

280 4156 339 4211 106.
359 4157 381 4223 1)
400 4157 583 4226 Subsequitur
601 4155 635 4211 fr.
657 4158 716 4212 105.
738 4157 778 4212 cf.
798 4159 829 4211 B.
843 4159 876 4211 A.
896 4158 939 4226 35,
959 4158 1000 4210 12.
1020 4154 1114 4226 γέρων
1127 4151 1284 4218 στὺππινος
1296 4159 1325 4208 et
1337 4153 1407 4208 Poll.

233 4243 294 4300 VII.
310 4245 351 4299 73.
371 4239 404 4298 τὸ
419 4241 450 4299 δέ
469 4241 626 4316 ἐργαλεῖον,
646 4240 718 4300 καθ’
735 4235 768 4300 οὗ
789 4242 920 4300 έκλωθον
940 4240 1117 4315 έξαρτῶντες
1135 4240 1170 4298 τὰ
1190 4249 1341 4311 στυππεῖα,
1361 4239 1407 4312 γέ-

234 4350 293 4404 ρων
311 4329 450 4389 ἐκαλεῖτο.
470 4323 505 4402 ἦν
523 4332 555 4390 δὲ
572 4328 658 4401 ξύλον
677 4331 870 4404 πεποιημένον
888 4329 1005 4398 κιόνιον,
1025 4335 1120 4404 σχῆμα
1133 4326 1240 4404 Ἑρμοῦ
1262 4326 1407 4404 τετραγώ-
