3000 5040
635 253 697 319 241

66 409 121 486 τὸ
147 411 295 484 κωλύειν
317 415 374 482 καὶ
393 413 522 501 ἐπέχειν
540 414 596 480 καὶ
617 408 791 498 έχμάσαι·
815 422 1003 497 κατασχεῖν,
1027 406 1125 492 ἑλεῖν,
1148 401 1195 490 ὡς
1213 409 1251 478 έν

68 521 282 614 ῥητορικῷ
305 513 441 611 εύρηται
463 526 621 607 λεξικῷ·
644 525 747 586 τοῦτο
772 518 808 585 δὲ
830 509 922 605 παρὰ
940 527 990 604 τῷ
1009 512 1176 605 Εὐριπίδῃ
1194 511 1250 586 διὰ

70 637 188 698 τοῦδ
210 643 318 697 κεῖται
341 629 378 696 ἐν
400 637 450 715 τῷ

170 737 274 824 μέσον
295 730 333 824 μ’
352 729 512 822 ὀχμάζεις,
535 726 582 813 ὡς
604 731 706 818 βάλῃς
729 732 776 811 εἰς
802 728 972 820 Τάρταρον
995 734 1064 818 (Or.
1083 735 1173 823 265).

172 847 247 912 389.
279 845 452 911 Eustath.
472 866 502 928 p.
525 844 619 920 1831,
638 844 666 908 2.
699 849 767 927 τῆς
785 845 956 919 παλαιᾶς
975 840 1021 922 δέ,
1044 859 1157 925 φασιν,
1175 835 1249 909 {41-
1277 860 1290 900 ⁵

76 953 200 1030 8ἰοος
218 947 456 1037 ἓψιάσθωνῑ)
476 949 583 1015 εἰπεῖν
599 949 722 1024 δυϊκῷς
737 938 813 1013 άντὶ
826 954 889 1014 τοῦ
904 942 1132 1033 ἓψιάσθωσαν.
1154 972 1251 1037 ποιη-

76 1052 159 1148 τικὴ
182 1059 218 1126 δὲ
237 1060 323 1141 λέξις
341 1050 381 1124 τὸ
406 1053 614 1142 ἓψιᾶσθαι,
636 1048 712 1142 ἢτοι
739 1050 842 1140 λόγον
864 1057 995 1138 παίζειν
1004 1058 1040 1144 ²).
1073 1058 1130 1122 καὶ
1154 1053 1251 1124 δασύ-

76 1190 187 1249 νεται,
210 1158 256 1245 ὡς
279 1168 383 1253 δῆλον
406 1163 443 1230 έν
465 1176 537 1242 τοῖς
560 1162 677 1250 ἐφεξῆς
700 1161 738 1226 έκ
760 1169 823 1227 τοῦ

465 1266 695 1354 ἐφεψιόωνται
716 1281 871 1354 γυναῖκες

79 1384 141 1449 καὶ
164 1381 202 1448 έκ
224 1387 287 1446 τοῦ
310 1374 636 1464 έφεψιασάμηνλ),
663 1371 739 1463 ἢτοι
762 1368 975 1465 άφωμίλησα,
1003 1371 1050 1455 ὡς
1073 1376 1115 1444 έν
1137 1375 1291 1466 (ipro-1⁰

80 1495 184 1576 ρικῷ
210 1501 339 1553 κεῖται
362 1491 514 1571 λεξικῷ.
557 1484 595 1550 έκ
622 1479 747 1550 τούτου
776 1484 812 1549 δὲ
840 1483 921 1562 ἴσως
949 1484 1075 1571 εἴρηται
1103 1488 1160 1551 καὶ
1186 1490 1251 1552 Φι·

80 1595 258 1683 λέψιοςέ)
282 1587 302 1660 ὃ
325 1594 476 1678 κείμενος
498 1584 590 1678 παρὰ
613 1599 662 1676 τῷ
686 1599 825 1676 κωμικῷ
845 1592 942 1677 (Plut.
965 1593 1059 1679 177.)
1083 1595 1116 1658 οἱ
1135 1594 1171 1659 δὲ
1189 1617 1251 1660 πα-

80 1704 175 1769 λαιοὶ
198 1697 437 1788 ἑρμηνεύοντες
463 1691 525 1787 τὴν
548 1699 638 1780 λέξιν
662 1701 765 1781 φασὶν
789 1689 909 1774 οὕτως·
953 1694 1148 1788 ἓψιᾶταιῧ)
1176 1693 1253 1768 άντὶ

10 1876 15 1888 ,
80 1816 149 1876 τοῦ
170 1814 264 1898 γελᾷ,
286 1810 406 1891 παίζει,
431 1807 623 1892 διαλέγεται.
647 1807 704 1871 καὶ
729 1801 833 1890 iacta·
856 1799 985 1885 παιδιὰ,
1007 1807 1121 1891 γέλως,
1142 1805 1251 1896 χλεύη.

81 1917 144 1983 καὶ
168 1911 325 2002 ἓψίαιθ)
351 1910 472 2000 ἑορταί.
1267 1933 1292 1974 re

648 2133 687 2194 Η.

176 2291 250 2358 390.
286 2291 457 2358 Eustath.
480 2313 509 2375 p.
536 2291 635 2370 1399,
659 2290 710 2357 28.
749 2288 789 2355 ἒν
818 2290 859 2356 δὲ
886 2287 1084 2378 ῥητορικῷ
1111 2296 1253 2379 λεξικῷ

81 2391 241 2486 ἡγεῖσθαι
267 2400 325 2463 καὶ
352 2396 408 2464 ἐπὶ
434 2393 541 2483 γάμου
564 2404 699 2484 πομπῆς
721 2398 778 2462 καὶ
805 2394 1031 2484 προηγητήρ
1060 2417 1163 2481 φασιν
1191 2393 1253 2466 ἀπ’

83 2497 195 2572 αύτού
217 2508 275 2571 καὶ
296 2497 555 2593 προηγητὴςῑ)
578 2496 662 2590 παρ’
681 2496 847 2584 Ἀττικοῖς,
871 2497 890 2569 ὃ
913 2512 975 2569 τοῦ
999 2501 1134 2590 ζεύγους
1156 2499 1253 2593 ἡγού·

82 2635 188 2700 μενος
206 2611 244 2679 ἐν
261 2625 332 2691 τοῖς
349 2610 472 2698 γάμοις.
498 2611 628 2698 ἐλέγετο
645 2611 692 2692 δέ,
712 2629 803 2695 φασι,
821 2612 878 2676 καὶ
896 2603 1095 2700 ἧγήτριαῖ)
1114 2610 1254 2702 παλάθη

132 2882 194 2937 389.
222 2879 383 2952 Singularis
401 2888 544 2936 recurrunt
562 2898 589 2951 p.
610 2881 687 2948 1866,
707 2881 750 2934 40,
770 2882 847 2947 1868,
866 2881 909 2934 25.

182 2973 201 3036 ¹)
221 2971 303 3028 Gonu.
318 2972 383 3026 Hes.
397 2973 505 3040 (quiex
518 2986 592 3026 more
606 2964 735 3038 ἑσπόμην
747 2969 880 3025 aoristum
898 2985 958 3024 cum
978 2975 1072 3026 nostra
1089 2969 1178 3027 forma
1191 2987 1253 3030 con·

83 3059 171 3129 fudit)
189 3060 264 3116 Suid.

179 3150 200 3219 ²)
220 3149 301 3204 Cous.
320 3150 385 3205 Hes.
404 3149 479 3206 Suid.
498 3150 543 3204 Et.
562 3150 599 3204 M.
617 3150 678 3216 406,
700 3151 741 3204 12.

180 3238 260 3306 ocf.
279 3240 356 3294 Phot.
377 3240 442 3294 Hes.
462 3239 553 3309 Apoll.
573 3239 628 3294 lex.
646 3240 718 3293 hom.
739 3239 782 3306 80,
801 3240 825 3293 2.
845 3239 935 3294 Bokk.

178 3331 200 3396 ⁴)
219 3328 315 3384 Paullo
338 3329 419 3397 plura
442 3345 485 3397 ap.
510 3328 584 3383 Suid.
609 3322 685 3397 έψία.
709 3327 754 3382 Et.
778 3328 816 3383 M.
840 3328 906 3394 406,
925 3330 950 3384 8.
974 3330 1019 3384 Et.
1040 3329 1109 3384 Gud.
1129 3331 1193 3397 246,
1213 3331 1255 3386 14.

86 3416 188 3474 Glossa
207 3418 299 3472 Photii
321 3416 459 3488 Φιλέψιος
477 3416 670 3473 confusissime
687 3416 805 3472 fortasse
824 3419 878 3473 huc
896 3418 1020 3488 respicit.

179 3505 201 3574 ⁶)
219 3507 299 3563 Gonu.
319 3509 385 3563 Hes.

179 3596 200 3663 ⁶)
220 3596 300 3651 Conv.
320 3597 385 3652 Hes.
405 3595 451 3665 qui
470 3596 613 3666 Sophoclis
632 3597 830 3651 Athamantem
849 3597 968 3652 alterum
986 3598 1090 3652 laudat.

135 3685 197 3742 390.
225 3685 320 3741 Aelii
338 3687 497 3757 Dionysii
516 3686 624 3741 fuisse
643 3686 774 3756 suspicor,
794 3685 828 3742 cf.
848 3686 920 3742 Prol.
940 3703 966 3756 p.
985 3688 1027 3741 20.
1039 3702 1078 3755 sq.
1098 3685 1131 3740 fr.
1150 3688 1193 3743 36.

180 3775 203 3844 ¹)
222 3775 261 3830 Gi.
280 3776 346 3831 Hes.
1190 3822 1193 3831 .

181 3864 302 3932 ¹)Conv.
326 3866 405 3920 Phot.
428 3865 473 3920 ut.
497 3867 535 3920 M.
559 3866 625 3934 418,
649 3866 693 3921 49.
717 3866 761 3932 (=
784 3865 854 3918 Mill.
878 3865 943 3919 Mel.
966 3881 992 3933 p.
1017 3865 1088 3933 142).
1124 3864 1257 3936 Heydeno

89 3972 118 4025 p.
129 3955 189 4009 191.
204 3953 352 4010 etNabero
362 3955 433 4009 Prul.
448 3973 476 4024 p.
487 3956 539 4009 172
554 3971 607 4010 uon
618 3955 821 4009 concedendum
836 3959 886 4023 est,
902 3954 1020 4021 glossam
1030 3953 1186 4024 Etymologi
1196 3969 1257 4008 cum

89 4043 184 4098 Photii
198 4043 364 4114 conspirare.
385 4044 478 4098 Etiam
493 4044 620 4098 ultImum
633 4044 794 4109 subsidium,
814 4059 866 4112 quo
885 4043 990 4098 Naberi
1009 4043 1168 4098 coniectura
1180 4043 1256 4113 (Ety-

92 4131 231 4202 mologum
249 4150 328 4189 usum
346 4149 407 4189 esse
426 4134 518 4188 Photii
536 4134 636 4200 lexico)
654 4135 804 4197 nitebatur,
825 4149 952 4187 corruere
971 4131 1054 4186 vides.
1083 4132 1175 4201 Magis
1194 4147 1257 4187 cou-

89 4224 205 4291 gruunt,
230 4239 302 4290 quae
325 4223 360 4278 de
379 4218 442 4294 ἱερὰ
463 4226 535 4291 συκῆ
555 4229 583 4276 et
601 4217 739 4293 ἡγητορία
762 4222 853 4276 fructu
876 4221 1005 4291 protulit,
1030 4238 1090 4275 cum
1110 4222 1174 4277 Ath.
1196 4221 1257 4277 VII.

91 4310 175 4365 711).
200 4310 240 4365 Of.
259 4311 385 4368 Eustath.
405 4330 432 4382 p.
453 4312 534 4378 1964,
560 4313 601 4366 11.
636 4313 703 4366 Cum
724 4311 879 4381 Hesychius
903 4317 931 4365 et
954 4312 1014 4380 ipse
1040 4314 1174 4380 congruat
1197 4327 1257 4365 cum

90 4400 169 4454 Phot.
191 4403 220 4455 ct
237 4400 377 4469 atticistis,
395 4401 570 4472 Pamphilum
589 4405 730 4456 auctorem
749 4400 804 4455 iam
824 4416 974 4470 agnoscere
993 4399 1062 4454 mihi
1080 4400 1183 4456 videor.

1012 4491 1046 4546 16
