<?xml version="1.0" encoding="UTF-8"?>
<!DOCTYPE html PUBLIC "-//W3C//DTD XHTML 1.0 Transitional//EN"
    "http://www.w3.org/TR/xhtml1/DTD/xhtml1-transitional.dtd">
<html xmlns="http://www.w3.org/1999/xhtml" xml:lang="en" lang="en">
 <head>
  <title>
</title>
<meta http-equiv="Content-Type" content="text/html;charset=utf-8" />
  <meta name='ocr-system' content='tesseract 3.04.00' />
  <meta name='ocr-capabilities' content='ocr_page ocr_carea ocr_par ocr_line ocrx_word'/>
</head>
<body>
  <div class='ocr_page' id='page_1' title='image "./aeliidionysiiet00pausgoog_0216.png"; bbox 0 0 3000 5040; ppageno 0'>
   <div class='ocr_carea' id='block_1_1' title="bbox 726 287 788 349">
    <p class='ocr_par' dir='ltr' id='par_1_1' title="bbox 726 287 788 349">
     <span class='ocr_line' id='line_1_1' title="bbox 726 287 788 349; baseline 0 -1"><span class='ocrx_word' id='word_1_1' title='bbox 726 287 788 349; x_wconf 81' lang='lat'><em>201</em></span> 
     </span>
    </p>
   </div>
   <div class='ocr_carea' id='block_1_2' title="bbox 163 432 1341 641">
    <p class='ocr_par' dir='ltr' id='par_1_2' title="bbox 163 432 1341 641">
     <span class='ocr_line' id='line_1_2' title="bbox 163 432 1339 535; baseline 0 -21"><span class='ocrx_word' id='word_1_2' title='bbox 163 438 246 524; x_wconf 79' lang='grc' dir='ltr'><em>τοὺς</em></span> <span class='ocrx_word' id='word_1_3' title='bbox 268 442 524 532; x_wconf 55' lang='grc' dir='ltr'><em>πόρπακαςδ),</em></span> <span class='ocrx_word' id='word_1_4' title='bbox 548 432 607 520; x_wconf 75' lang='grc' dir='ltr'><em>οὓς</em></span> <span class='ocrx_word' id='word_1_5' title='bbox 632 442 770 521; x_wconf 79' lang='grc' dir='ltr'><strong><em>Αἴλιος</em></strong></span> <span class='ocrx_word' id='word_1_6' title='bbox 793 441 1002 522; x_wconf 84' lang='grc' dir='ltr'><em>Διονύσιος</em></span> <span class='ocrx_word' id='word_1_7' title='bbox 1030 441 1223 533; x_wconf 76' lang='grc' dir='ltr'><em>ἑρμηνεύων</em></span> <span class='ocrx_word' id='word_1_8' title='bbox 1246 449 1339 535; x_wconf 82' lang='grc' dir='ltr'><em>φησί·</em></span> 
     </span>
     <span class='ocr_line' id='line_1_3' title="bbox 165 541 1341 641; baseline -0.001 -20"><span class='ocrx_word' id='word_1_9' title='bbox 165 549 318 640; x_wconf 88' lang='grc' dir='ltr'><em>πόρπαξ,</em></span> <span class='ocrx_word' id='word_1_10' title='bbox 346 544 386 619; x_wconf 86' lang='grc' dir='ltr'><em>τὸ</em></span> <span class='ocrx_word' id='word_1_11' title='bbox 415 541 512 628; x_wconf 85' lang='grc' dir='ltr'><em>έντδς</em></span> <span class='ocrx_word' id='word_1_12' title='bbox 537 557 597 636; x_wconf 88' lang='grc' dir='ltr'><em>τῆς</em></span> <span class='ocrx_word' id='word_1_13' title='bbox 624 542 765 628; x_wconf 96' lang='grc' dir='ltr'><em>ἀσπίδος</em></span> <span class='ocrx_word' id='word_1_14' title='bbox 791 546 990 637; x_wconf 78' lang='grc' dir='ltr'><em>πρόσθημα,</em></span> <span class='ocrx_word' id='word_1_15' title='bbox 1018 545 1065 617; x_wconf 79' lang='grc' dir='ltr'><em>δι’</em></span> <span class='ocrx_word' id='word_1_16' title='bbox 1088 542 1130 619; x_wconf 84' lang='grc' dir='ltr'><em>οὗ</em></span> <span class='ocrx_word' id='word_1_17' title='bbox 1155 545 1219 640; x_wconf 81' lang='grc' dir='ltr'><em>τὴν</em></span> <span class='ocrx_word' id='word_1_18' title='bbox 1248 567 1341 641; x_wconf 79' lang='grc' dir='ltr'><em>χεῖρα</em></span> 
     </span>
    </p>
   </div>
   <div class='ocr_carea' id='block_1_3' title="bbox 165 649 1383 2347">
    <p class='ocr_par' dir='ltr' id='par_1_3' title="bbox 165 649 1381 960">
     <span class='ocr_line' id='line_1_4' title="bbox 167 649 1341 749; baseline 0.001 -22"><span class='ocrx_word' id='word_1_19' title='bbox 167 661 303 746; x_wconf 87' lang='grc' dir='ltr'><em>διεῑρον.</em></span> <span class='ocrx_word' id='word_1_20' title='bbox 330 665 433 725; x_wconf 80' lang='grc' dir='ltr'><em>τοῦτο</em></span> <span class='ocrx_word' id='word_1_21' title='bbox 453 657 489 722; x_wconf 79' lang='grc' dir='ltr'><em>δὲ</em></span> <span class='ocrx_word' id='word_1_22' title='bbox 507 649 592 722; x_wconf 74' lang='grc' dir='ltr'><em>καθ’</em></span> <span class='ocrx_word' id='word_1_23' title='bbox 612 649 793 744; x_wconf 80' lang='grc' dir='ltr'><em>ὁμοιότητα</em></span> <span class='ocrx_word' id='word_1_24' title='bbox 811 665 870 744; x_wconf 83' lang='grc' dir='ltr'><em>τῆς</em></span> <span class='ocrx_word' id='word_1_25' title='bbox 887 654 1031 744; x_wconf 79' lang='grc' dir='ltr'><em>πόρπης,</em></span> <span class='ocrx_word' id='word_1_26' title='bbox 1049 651 1113 742; x_wconf 83' lang='grc' dir='ltr'><em>ἀφ’</em></span> <span class='ocrx_word' id='word_1_27' title='bbox 1131 661 1169 749; x_wconf 81' lang='grc' dir='ltr'><em>ἦς</em></span> <span class='ocrx_word' id='word_1_28' title='bbox 1187 662 1244 726; x_wconf 85' lang='grc' dir='ltr'><em>καὶ</em></span> <span class='ocrx_word' id='word_1_29' title='bbox 1263 660 1341 728; x_wconf 78' lang='grc' dir='ltr'><em>ἐπι-</em></span> 
     </span>
     <span class='ocr_line' id='line_1_5' title="bbox 165 755 1341 853; baseline 0.001 -19"><span class='ocrx_word' id='word_1_30' title='bbox 165 762 402 853; x_wconf 57' lang='grc' dir='ltr'><em>πόρπημσθ),</em></span> <span class='ocrx_word' id='word_1_31' title='bbox 424 755 511 829; x_wconf 85' lang='grc' dir='ltr'><em>κατά</em></span> <span class='ocrx_word' id='word_1_32' title='bbox 533 755 614 841; x_wconf 81' lang='grc' dir='ltr'><em>τούς</em></span> <span class='ocrx_word' id='word_1_33' title='bbox 635 756 809 845; x_wconf 79' lang='grc' dir='ltr'><em>παλαιοὺς,</em></span> <span class='ocrx_word' id='word_1_34' title='bbox 831 757 852 851; x_wconf 77' lang='grc' dir='ltr'><em>ἦ</em></span> <span class='ocrx_word' id='word_1_35' title='bbox 872 771 944 829; x_wconf 79' lang='grc' dir='ltr'><em>τῶν</em></span> <span class='ocrx_word' id='word_1_36' title='bbox 962 767 1169 851; x_wconf 75' lang='grc' dir='ltr'><em>κιθαρῳδῶν</em></span> <span class='ocrx_word' id='word_1_37' title='bbox 1188 765 1341 852; x_wconf 79' lang='grc' dir='ltr'><em>ἐφαπτὶς,</em></span> 
     </span>
     <span class='ocr_line' id='line_1_6' title="bbox 165 861 1381 960; baseline -0.002 -22"><span class='ocrx_word' id='word_1_38' title='bbox 165 861 208 960; x_wconf 79' lang='grc' dir='ltr'><em>ἣν</em></span> <span class='ocrx_word' id='word_1_39' title='bbox 230 869 265 938; x_wconf 81' lang='grc' dir='ltr'><em>οἱ</em></span> <span class='ocrx_word' id='word_1_40' title='bbox 287 873 424 957; x_wconf 84' lang='grc' dir='ltr'><em>Δωριεῖς</em></span> <span class='ocrx_word' id='word_1_41' title='bbox 447 866 666 956; x_wconf 81' lang='grc' dir='ltr'><em>ἰπιπόρπαμά</em></span> <span class='ocrx_word' id='word_1_42' title='bbox 691 886 803 955; x_wconf 81' lang='grc' dir='ltr'><em>φασιν.</em></span> <span class='ocrx_word' id='word_1_43' title='bbox 1368 894 1381 935; x_wconf 83' lang='lat' dir='ltr'>c</span> 
     </span>
    </p>

    <p class='ocr_par' dir='ltr' id='par_1_4' title="bbox 167 969 1342 1279">
     <span class='ocr_line' id='line_1_7' title="bbox 255 969 1342 1068; baseline 0 -24"><span class='ocrx_word' id='word_1_44' title='bbox 255 979 331 1044; x_wconf 84' lang='lat'>281.</span> <span class='ocrx_word' id='word_1_45' title='bbox 362 978 534 1044; x_wconf 84' lang='lat' dir='ltr'>Eustath.</span> <span class='ocrx_word' id='word_1_46' title='bbox 552 1000 584 1062; x_wconf 93' lang='lat' dir='ltr'><em>p.</em></span> <span class='ocrx_word' id='word_1_47' title='bbox 603 978 685 1054; x_wconf 88' lang='grc'><strong>487,</strong></span> <span class='ocrx_word' id='word_1_48' title='bbox 703 978 733 1042; x_wconf 90' lang='grc'><em>6.</em></span> <span class='ocrx_word' id='word_1_49' title='bbox 767 978 947 1064; x_wconf 88' lang='grc' dir='ltr'><em>σημείωσαι</em></span> <span class='ocrx_word' id='word_1_50' title='bbox 971 977 1008 1044; x_wconf 78' lang='grc' dir='ltr'><em>δὲ</em></span> <span class='ocrx_word' id='word_1_51' title='bbox 1032 969 1085 1044; x_wconf 83' lang='grc' dir='ltr'><em>ότι</em></span> <span class='ocrx_word' id='word_1_52' title='bbox 1107 971 1184 1065; x_wconf 85' lang='grc' dir='ltr'><em>πρὸ</em></span> <span class='ocrx_word' id='word_1_53' title='bbox 1209 973 1342 1068; x_wconf 63' lang='grc' dir='ltr'><em>δδσῦῑ)</em></span> 
     </span>
     <span class='ocr_line' id='line_1_8' title="bbox 168 1075 1342 1172; baseline -0.001 -19"><span class='ocrx_word' id='word_1_54' title='bbox 168 1085 201 1153; x_wconf 79' lang='lat' dir='ltr'><em>oi</em></span> <span class='ocrx_word' id='word_1_55' title='bbox 223 1075 465 1172; x_wconf 72' lang='lat' dir='ltr'><em>pa8&#39;‘&#39;0pppoa</em></span> <span class='ocrx_word' id='word_1_56' title='bbox 482 1083 647 1169; x_wconf 89' lang='grc' dir='ltr'><em>λέγουσιν,</em></span> <span class='ocrx_word' id='word_1_57' title='bbox 670 1076 717 1161; x_wconf 80' lang='grc' dir='ltr'><em>ὡς</em></span> <span class='ocrx_word' id='word_1_58' title='bbox 739 1085 969 1163; x_wconf 74' lang='grc' dir='ltr'><em>Παυσανίας</em></span> <span class='ocrx_word' id='word_1_59' title='bbox 993 1087 1099 1172; x_wconf 82' lang='grc' dir='ltr'><em>δηλοῖ,</em></span> <span class='ocrx_word' id='word_1_60' title='bbox 1120 1077 1161 1152; x_wconf 84' lang='grc' dir='ltr'><em>τό</em></span> <span class='ocrx_word' id='word_1_61' title='bbox 1184 1078 1342 1172; x_wconf 85' lang='grc' dir='ltr'><em>ἀναγκαι-</em></span> 
     </span>
     <span class='ocr_line' id='line_1_9' title="bbox 167 1183 785 1279; baseline -0.005 -19"><span class='ocrx_word' id='word_1_62' title='bbox 167 1189 290 1279; x_wconf 90' lang='grc' dir='ltr'><em>ότερον</em></span> <span class='ocrx_word' id='word_1_63' title='bbox 312 1193 370 1258; x_wconf 83' lang='grc' dir='ltr'><em>καὶ</em></span> <span class='ocrx_word' id='word_1_64' title='bbox 393 1183 439 1268; x_wconf 80' lang='grc' dir='ltr'><em>ὡς</em></span> <span class='ocrx_word' id='word_1_65' title='bbox 462 1190 580 1271; x_wconf 84' lang='grc' dir='ltr'><em>εἰπεῖν,</em></span> <span class='ocrx_word' id='word_1_66' title='bbox 602 1184 785 1276; x_wconf 76' lang='grc' dir='ltr'><em>προῦργου.</em></span> 
     </span>
    </p>

    <p class='ocr_par' dir='ltr' id='par_1_5' title="bbox 167 1289 1383 2347">
     <span class='ocr_line' id='line_1_10' title="bbox 256 1289 1341 1385; baseline 0.002 -21"><span class='ocrx_word' id='word_1_67' title='bbox 256 1299 331 1365; x_wconf 86' lang='grc'><strong>282.</strong></span> <span class='ocrx_word' id='word_1_68' title='bbox 363 1298 536 1364; x_wconf 84' lang='lat' dir='ltr'>Eustath.</span> <span class='ocrx_word' id='word_1_69' title='bbox 554 1321 584 1382; x_wconf 92' lang='lat' dir='ltr'><em>p.</em></span> <span class='ocrx_word' id='word_1_70' title='bbox 603 1298 684 1375; x_wconf 87' lang='lat'>405,</span> <span class='ocrx_word' id='word_1_71' title='bbox 703 1297 755 1364; x_wconf 81' lang='lat'>35.</span> <span class='ocrx_word' id='word_1_72' title='bbox 788 1296 900 1363; x_wconf 82' lang='grc' dir='ltr'><em>ἰστέον</em></span> <span class='ocrx_word' id='word_1_73' title='bbox 929 1298 965 1363; x_wconf 77' lang='grc' dir='ltr'><em>δὲ</em></span> <span class='ocrx_word' id='word_1_74' title='bbox 993 1289 1047 1364; x_wconf 85' lang='grc' dir='ltr'><em>ότι</em></span> <span class='ocrx_word' id='word_1_75' title='bbox 1069 1294 1243 1385; x_wconf 82' lang='grc' dir='ltr'><em>τεσσάρων</em></span> <span class='ocrx_word' id='word_1_76' title='bbox 1265 1296 1341 1366; x_wconf 87' lang='grc' dir='ltr'><em>τού-</em></span> 
     </span>
     <span class='ocr_line' id='line_1_11' title="bbox 167 1396 1382 1491; baseline -0.004 -18"><span class='ocrx_word' id='word_1_77' title='bbox 167 1431 238 1473; x_wconf 85' lang='grc' dir='ltr'><em>των</em></span> <span class='ocrx_word' id='word_1_78' title='bbox 270 1398 384 1472; x_wconf 88' lang='grc' dir='ltr'><em>όντων</em></span> <span class='ocrx_word' id='word_1_79' title='bbox 414 1404 592 1490; x_wconf 89' lang='grc' dir='ltr'><em>προξένων</em></span> <span class='ocrx_word' id='word_1_80' title='bbox 624 1396 816 1485; x_wconf 76' lang='grc' dir='ltr'><em>ἀστοξένων</em></span> <span class='ocrx_word' id='word_1_81' title='bbox 849 1404 1042 1491; x_wconf 80' lang='grc' dir='ltr'><em>δορυξένων</em></span> <span class='ocrx_word' id='word_1_82' title='bbox 1077 1407 1134 1471; x_wconf 85' lang='grc' dir='ltr'><em>καὶ</em></span> <span class='ocrx_word' id='word_1_83' title='bbox 1166 1405 1342 1488; x_wconf 79' lang='grc' dir='ltr'><em>ἰδιοξένων</em></span> <span class='ocrx_word' id='word_1_84' title='bbox 1356 1428 1382 1468; x_wconf 82' lang='grc' dir='ltr'><em>ιο</em></span> 
     </span>
     <span class='ocr_line' id='line_1_12' title="bbox 167 1503 1343 1600; baseline -0.002 -19"><span class='ocrx_word' id='word_1_85' title='bbox 167 1509 395 1600; x_wconf 61' lang='grc' dir='ltr'><em>πρόξενοιῑ)</em></span> <span class='ocrx_word' id='word_1_86' title='bbox 425 1511 488 1596; x_wconf 78' lang='grc' dir='ltr'><em>μὲν</em></span> <span class='ocrx_word' id='word_1_87' title='bbox 515 1503 602 1577; x_wconf 83' lang='grc' dir='ltr'><em>κατά</em></span> <span class='ocrx_word' id='word_1_88' title='bbox 628 1509 772 1577; x_wconf 81' lang='grc' dir='ltr'><em>Αἰλιον</em></span> <span class='ocrx_word' id='word_1_89' title='bbox 799 1507 1015 1578; x_wconf 86' lang='grc' dir='ltr'><em>Διονύσιον</em></span> <span class='ocrx_word' id='word_1_90' title='bbox 1043 1510 1077 1578; x_wconf 83' lang='grc' dir='ltr'><em>οἱ</em></span> <span class='ocrx_word' id='word_1_91' title='bbox 1105 1504 1183 1600; x_wconf 86' lang='grc' dir='ltr'><em>όλης</em></span> <span class='ocrx_word' id='word_1_92' title='bbox 1209 1509 1343 1591; x_wconf 88' lang='grc' dir='ltr'><em>πόλεως</em></span> 
     </span>
     <span class='ocr_line' id='line_1_13' title="bbox 168 1611 1343 1706; baseline -0.001 -19"><span class='ocrx_word' id='word_1_93' title='bbox 168 1621 269 1704; x_wconf 92' lang='grc' dir='ltr'><em>ξένοι,</em></span> <span class='ocrx_word' id='word_1_94' title='bbox 291 1611 377 1705; x_wconf 79' lang='grc' dir='ltr'><em>παρ’</em></span> <span class='ocrx_word' id='word_1_95' title='bbox 400 1613 451 1697; x_wconf 85' lang='grc' dir='ltr'><em>οίς</em></span> <span class='ocrx_word' id='word_1_96' title='bbox 473 1620 531 1684; x_wconf 84' lang='grc' dir='ltr'><em>καὶ</em></span> <span class='ocrx_word' id='word_1_97' title='bbox 553 1617 706 1704; x_wconf 85' lang='grc' dir='ltr'><em>πρέσβεις</em></span> <span class='ocrx_word' id='word_1_98' title='bbox 729 1614 942 1702; x_wconf 85' lang='grc' dir='ltr'><em>κατάγονται.</em></span> <span class='ocrx_word' id='word_1_99' title='bbox 967 1620 1024 1684; x_wconf 85' lang='grc' dir='ltr'><em>καὶ</em></span> <span class='ocrx_word' id='word_1_100' title='bbox 1048 1613 1145 1685; x_wconf 79' lang='grc' dir='ltr'><em>αὐτοὶ</em></span> <span class='ocrx_word' id='word_1_101' title='bbox 1166 1621 1343 1706; x_wconf 83' lang='grc' dir='ltr'><em>πρεσβείας</em></span> 
     </span>
     <span class='ocr_line' id='line_1_14' title="bbox 167 1715 1342 1815; baseline -0.001 -21"><span class='ocrx_word' id='word_1_102' title='bbox 167 1723 377 1815; x_wconf 81' lang='grc' dir='ltr'><em>προσάγουσι</em></span> <span class='ocrx_word' id='word_1_103' title='bbox 398 1716 485 1812; x_wconf 82' lang='grc' dir='ltr'><em>πρὸς</em></span> <span class='ocrx_word' id='word_1_104' title='bbox 506 1715 548 1791; x_wconf 86' lang='grc' dir='ltr'><em>τὸ</em></span> <span class='ocrx_word' id='word_1_105' title='bbox 572 1721 743 1812; x_wconf 86' lang='grc' dir='ltr'><em>δημόσιον.</em></span> <span class='ocrx_word' id='word_1_106' title='bbox 772 1716 1018 1814; x_wconf 56' lang='grc' dir='ltr'><em>ἀστόξενοιί)</em></span> <span class='ocrx_word' id='word_1_107' title='bbox 1043 1726 1079 1792; x_wconf 77' lang='grc' dir='ltr'><em>δὲ</em></span> <span class='ocrx_word' id='word_1_108' title='bbox 1102 1724 1136 1792; x_wconf 75' lang='grc' dir='ltr'><em>οἱ</em></span> <span class='ocrx_word' id='word_1_109' title='bbox 1158 1725 1196 1792; x_wconf 80' lang='grc' dir='ltr'><em>ἐκ</em></span> <span class='ocrx_word' id='word_1_110' title='bbox 1218 1723 1342 1812; x_wconf 92' lang='grc' dir='ltr'><em>προγό-</em></span> 
     </span>
     <span class='ocr_line' id='line_1_15' title="bbox 168 1824 1342 1920; baseline -0.001 -19"><span class='ocrx_word' id='word_1_111' title='bbox 168 1857 240 1901; x_wconf 92' lang='grc' dir='ltr'><em>νων</em></span> <span class='ocrx_word' id='word_1_112' title='bbox 261 1833 324 1920; x_wconf 71' lang='grc' dir='ltr'><em>μεν</em></span> <span class='ocrx_word' id='word_1_113' title='bbox 347 1825 472 1914; x_wconf 80' lang='grc' dir='ltr'><em>ἀστῶν,</em></span> <span class='ocrx_word' id='word_1_114' title='bbox 495 1824 593 1898; x_wconf 81' lang='grc' dir='ltr'><em>αάτοί</em></span> <span class='ocrx_word' id='word_1_115' title='bbox 616 1831 652 1897; x_wconf 79' lang='grc' dir='ltr'><em>δὲ</em></span> <span class='ocrx_word' id='word_1_116' title='bbox 675 1830 766 1913; x_wconf 92' lang='grc' dir='ltr'><em>ξένοι</em></span> <span class='ocrx_word' id='word_1_117' title='bbox 789 1833 846 1897; x_wconf 86' lang='grc' dir='ltr'><em>καὶ</em></span> <span class='ocrx_word' id='word_1_118' title='bbox 869 1824 1091 1911; x_wconf 80' lang='grc' dir='ltr'><em>ἀνανεώσεως</em></span> <span class='ocrx_word' id='word_1_119' title='bbox 1114 1828 1282 1918; x_wconf 88' lang='grc' dir='ltr'><em>δεόμενοι,</em></span> <span class='ocrx_word' id='word_1_120' title='bbox 1305 1826 1342 1900; x_wconf 84' lang='grc' dir='ltr'><em>δ-</em></span> 
     </span>
     <span class='ocr_line' id='line_1_16' title="bbox 168 1932 1383 2027; baseline -0.007 -19"><span class='ocrx_word' id='word_1_121' title='bbox 168 1952 266 2019; x_wconf 80' lang='grc' dir='ltr'><em>ποῖος</em></span> <span class='ocrx_word' id='word_1_122' title='bbox 282 1932 492 2025; x_wconf 74' lang='grc' dir='ltr'><em>Ἀγαμέμνων</em></span> <span class='ocrx_word' id='word_1_123' title='bbox 515 1938 553 2005; x_wconf 82' lang='grc' dir='ltr'><em>έν</em></span> <span class='ocrx_word' id='word_1_124' title='bbox 575 1939 693 2027; x_wconf 84' lang='grc' dir='ltr'><em>Λυδίᾳ.</em></span> <span class='ocrx_word' id='word_1_125' title='bbox 735 1935 981 2026; x_wconf 58' lang='grc' dir='ltr'><em>δορύξενοιθ)</em></span> <span class='ocrx_word' id='word_1_126' title='bbox 1010 1940 1046 2006; x_wconf 81' lang='grc' dir='ltr'><em>δὲ</em></span> <span class='ocrx_word' id='word_1_127' title='bbox 1074 1938 1108 2006; x_wconf 80' lang='lat' dir='ltr'><em>oi</em></span> <span class='ocrx_word' id='word_1_128' title='bbox 1131 1939 1169 2005; x_wconf 78' lang='grc' dir='ltr'><em>ἐκ</em></span> <span class='ocrx_word' id='word_1_129' title='bbox 1191 1941 1343 2026; x_wconf 89' lang='grc' dir='ltr'><em>πολέμου</em></span> <span class='ocrx_word' id='word_1_130' title='bbox 1356 1960 1383 2000; x_wconf 83' lang='lat'><em>15</em></span> 
     </span>
     <span class='ocr_line' id='line_1_17' title="bbox 168 2039 1344 2135; baseline -0.001 -22"><span class='ocrx_word' id='word_1_131' title='bbox 168 2048 258 2130; x_wconf 88' lang='grc' dir='ltr'><em>ξένοι</em></span> <span class='ocrx_word' id='word_1_132' title='bbox 283 2042 459 2132; x_wconf 79' lang='grc' dir='ltr'><em>γεγονότες</em></span> <span class='ocrx_word' id='word_1_133' title='bbox 481 2046 578 2111; x_wconf 88' lang='grc' dir='ltr'><em>τισίν.</em></span> <span class='ocrx_word' id='word_1_134' title='bbox 621 2041 853 2132; x_wconf 63' lang='grc' dir='ltr'><em>ίδιόξενοιί)</em></span> <span class='ocrx_word' id='word_1_135' title='bbox 878 2046 914 2111; x_wconf 79' lang='grc' dir='ltr'><em>δὲ</em></span> <span class='ocrx_word' id='word_1_136' title='bbox 937 2044 970 2111; x_wconf 78' lang='lat' dir='ltr'><em>oi</em></span> <span class='ocrx_word' id='word_1_137' title='bbox 997 2045 1066 2135; x_wconf 81' lang='grc' dir='ltr'><em>ἰδίᾳ</em></span> <span class='ocrx_word' id='word_1_138' title='bbox 1094 2039 1180 2112; x_wconf 78' lang='grc' dir='ltr'><em>καθ’</em></span> <span class='ocrx_word' id='word_1_139' title='bbox 1205 2040 1344 2126; x_wconf 74' lang='grc' dir='ltr'><em>ἑαυτοὺς</em></span> 
     </span>
     <span class='ocr_line' id='line_1_18' title="bbox 168 2144 1342 2242; baseline 0 -22"><span class='ocrx_word' id='word_1_140' title='bbox 168 2155 257 2236; x_wconf 87' lang='grc' dir='ltr'><em>ξένοι</em></span> <span class='ocrx_word' id='word_1_141' title='bbox 290 2146 394 2230; x_wconf 85' lang='grc' dir='ltr'><em>ὄντες.</em></span> <span class='ocrx_word' id='word_1_142' title='bbox 440 2153 670 2229; x_wconf 91' lang='grc' dir='ltr'><em>Παυσανίας</em></span> <span class='ocrx_word' id='word_1_143' title='bbox 703 2151 739 2217; x_wconf 81' lang='grc' dir='ltr'><em>δὲ</em></span> <span class='ocrx_word' id='word_1_144' title='bbox 770 2153 848 2238; x_wconf 87' lang='grc' dir='ltr'><em>περὶ</em></span> <span class='ocrx_word' id='word_1_145' title='bbox 877 2144 1070 2234; x_wconf 88' lang='grc' dir='ltr'><em>ἀστοξένων</em></span> <span class='ocrx_word' id='word_1_146' title='bbox 1102 2145 1193 2219; x_wconf 81' lang='grc' dir='ltr'><em>οότω</em></span> <span class='ocrx_word' id='word_1_147' title='bbox 1225 2157 1342 2242; x_wconf 86' lang='grc' dir='ltr'><em>φησίν·</em></span> 
     </span>
     <span class='ocr_line' id='line_1_19' title="bbox 170 2251 1343 2347; baseline -0.001 -20"><span class='ocrx_word' id='word_1_148' title='bbox 170 2253 419 2347; x_wconf 58' lang='grc' dir='ltr'><em>ἀστόξενοιῡ)</em></span> <span class='ocrx_word' id='word_1_149' title='bbox 447 2257 481 2325; x_wconf 79' lang='grc' dir='ltr'><em>οἱ</em></span> <span class='ocrx_word' id='word_1_150' title='bbox 507 2258 596 2344; x_wconf 87' lang='grc' dir='ltr'><em>γένει</em></span> <span class='ocrx_word' id='word_1_151' title='bbox 621 2254 852 2346; x_wconf 86' lang='grc' dir='ltr'><em>προσήκοντες</em></span> <span class='ocrx_word' id='word_1_152' title='bbox 878 2264 921 2343; x_wconf 78' lang='grc' dir='ltr'><em>τῇ</em></span> <span class='ocrx_word' id='word_1_153' title='bbox 943 2255 1042 2326; x_wconf 90' lang='grc' dir='ltr'><em>πόλει</em></span> <span class='ocrx_word' id='word_1_154' title='bbox 1066 2251 1251 2342; x_wconf 80' lang='grc' dir='ltr'><em>ἀνέκαθεν,</em></span> <span class='ocrx_word' id='word_1_155' title='bbox 1279 2253 1343 2328; x_wconf 79' lang='grc' dir='ltr'><em>οὐκ</em></span> 
     </span>
    </p>
   </div>
   <div class='ocr_carea' id='block_1_4' title="bbox 123 2445 1345 4488">
    <p class='ocr_par' dir='ltr' id='par_1_6' title="bbox 168 2445 1341 2704">
     <span class='ocr_line' id='line_1_20' title="bbox 257 2445 1341 2526; baseline -0.002 -15"><span class='ocrx_word' id='word_1_156' title='bbox 257 2455 279 2526; x_wconf 74' lang='lat'><em>²)</em></span> <span class='ocrx_word' id='word_1_157' title='bbox 298 2455 379 2511; x_wconf 86' lang='lat' dir='ltr'>conv.</span> <span class='ocrx_word' id='word_1_158' title='bbox 398 2471 425 2524; x_wconf 93' lang='lat' dir='ltr'>p.</span> <span class='ocrx_word' id='word_1_159' title='bbox 440 2454 501 2520; x_wconf 87' lang='grc'><strong>995,</strong></span> <span class='ocrx_word' id='word_1_160' title='bbox 520 2453 563 2508; x_wconf 86' lang='grc'><em>20.</em></span> <span class='ocrx_word' id='word_1_161' title='bbox 583 2453 680 2524; x_wconf 83' lang='grc' dir='ltr'><em>Κᾶρες</em></span> <span class='ocrx_word' id='word_1_162' title='bbox 693 2450 734 2522; x_wconf 78' lang='grc' dir='ltr'><em>δὲ,</em></span> <span class='ocrx_word' id='word_1_163' title='bbox 754 2446 792 2517; x_wconf 80' lang='grc' dir='ltr'><em>ὡς</em></span> <span class='ocrx_word' id='word_1_164' title='bbox 806 2450 980 2525; x_wconf 74' lang='grc' dir='ltr'><em>προερρέθη,</em></span> <span class='ocrx_word' id='word_1_165' title='bbox 999 2450 1066 2519; x_wconf 84' lang='grc' dir='ltr'><em>τοὺς</em></span> <span class='ocrx_word' id='word_1_166' title='bbox 1080 2450 1232 2526; x_wconf 87' lang='grc' dir='ltr'><em>πόρπακας</em></span> <span class='ocrx_word' id='word_1_167' title='bbox 1247 2445 1341 2526; x_wconf 83' lang='grc' dir='ltr'><em>εὗρον,</em></span> 
     </span>
     <span class='ocr_line' id='line_1_21' title="bbox 168 2533 1340 2616; baseline -0.002 -16"><span class='ocrx_word' id='word_1_168' title='bbox 168 2539 252 2616; x_wconf 86' lang='grc' dir='ltr'><em>οίπερ</em></span> <span class='ocrx_word' id='word_1_169' title='bbox 270 2533 353 2613; x_wconf 78' lang='grc' dir='ltr'><em>ἦσαν,</em></span> <span class='ocrx_word' id='word_1_170' title='bbox 373 2535 412 2607; x_wconf 80' lang='grc' dir='ltr'><em>ὡς</em></span> <span class='ocrx_word' id='word_1_171' title='bbox 429 2543 479 2597; x_wconf 85' lang='grc' dir='ltr'><em>καί</em></span> <span class='ocrx_word' id='word_1_172' title='bbox 497 2538 622 2612; x_wconf 81' lang='grc' dir='ltr'><em>ἀλλαχοῦ</em></span> <span class='ocrx_word' id='word_1_173' title='bbox 642 2537 764 2613; x_wconf 79' lang='grc' dir='ltr'><em>ἐγράφη,</em></span> <span class='ocrx_word' id='word_1_174' title='bbox 783 2537 980 2613; x_wconf 78' lang='grc' dir='ltr'><em>προσθήματα</em></span> <span class='ocrx_word' id='word_1_175' title='bbox 995 2539 1074 2608; x_wconf 80' lang='grc' dir='ltr'><em>ἐντὸς</em></span> <span class='ocrx_word' id='word_1_176' title='bbox 1087 2546 1138 2612; x_wconf 87' lang='grc' dir='ltr'><em>τῆς</em></span> <span class='ocrx_word' id='word_1_177' title='bbox 1155 2539 1283 2610; x_wconf 85' lang='grc' dir='ltr'><em>ἀσπίδος,</em></span> <span class='ocrx_word' id='word_1_178' title='bbox 1302 2541 1340 2598; x_wconf 82' lang='grc' dir='ltr'><em>δι’</em></span> 
     </span>
     <span class='ocr_line' id='line_1_22' title="bbox 169 2624 1340 2704; baseline -0.001 -15"><span class='ocrx_word' id='word_1_179' title='bbox 169 2624 209 2689; x_wconf 84' lang='grc' dir='ltr'><em>ὧν</em></span> <span class='ocrx_word' id='word_1_180' title='bbox 225 2627 242 2703; x_wconf 79' lang='grc' dir='ltr'><em>ἦ</em></span> <span class='ocrx_word' id='word_1_181' title='bbox 256 2635 323 2704; x_wconf 84' lang='grc' dir='ltr'><em>χείρ</em></span> <span class='ocrx_word' id='word_1_182' title='bbox 338 2632 467 2702; x_wconf 85' lang='grc' dir='ltr'><em>διείρετο.</em></span> <span class='ocrx_word' id='word_1_183' title='bbox 487 2632 569 2686; x_wconf 76' lang='lat' dir='ltr'>conv.</span> <span class='ocrx_word' id='word_1_184' title='bbox 584 2632 672 2700; x_wconf 86' lang='lat' dir='ltr'>Phot,</span> <span class='ocrx_word' id='word_1_185' title='bbox 688 2630 722 2687; x_wconf 87' lang='lat' dir='ltr'><em>cf.</em></span> <span class='ocrx_word' id='word_1_186' title='bbox 738 2631 812 2687; x_wconf 88' lang='lat' dir='ltr'>Suid.</span> <span class='ocrx_word' id='word_1_187' title='bbox 828 2633 918 2687; x_wconf 87' lang='lat' dir='ltr'>Schol.</span> <span class='ocrx_word' id='word_1_188' title='bbox 929 2633 976 2687; x_wconf 83' lang='lat' dir='ltr'><em>Ar.</em></span> <span class='ocrx_word' id='word_1_189' title='bbox 987 2634 1051 2688; x_wconf 91' lang='lat' dir='ltr'><em>Pac.</em></span> <span class='ocrx_word' id='word_1_190' title='bbox 1062 2633 1123 2687; x_wconf 88' lang='grc'><strong>661.</strong></span> <span class='ocrx_word' id='word_1_191' title='bbox 1137 2634 1189 2702; x_wconf 87' lang='lat' dir='ltr'>Eq.</span> <span class='ocrx_word' id='word_1_192' title='bbox 1204 2634 1265 2688; x_wconf 86' lang='grc'><strong>849.</strong></span> <span class='ocrx_word' id='word_1_193' title='bbox 1275 2634 1340 2688; x_wconf 90' lang='lat' dir='ltr'><em>Hes.</em></span> 
     </span>
    </p>

    <p class='ocr_par' dir='ltr' id='par_1_7' title="bbox 167 2719 1343 3147">
     <span class='ocr_line' id='line_1_23' title="bbox 260 2719 1341 2790; baseline 0.002 -14"><span class='ocrx_word' id='word_1_194' title='bbox 260 2721 283 2790; x_wconf 78' lang='lat'><em>³)</em></span> <span class='ocrx_word' id='word_1_195' title='bbox 301 2720 471 2776; x_wconf 86' lang='lat' dir='ltr'>Dubitanter</span> <span class='ocrx_word' id='word_1_196' title='bbox 489 2719 584 2776; x_wconf 89' lang='lat' dir='ltr'>attuli:</span> <span class='ocrx_word' id='word_1_197' title='bbox 604 2735 739 2790; x_wconf 82' lang='lat' dir='ltr'>nusquam</span> <span class='ocrx_word' id='word_1_198' title='bbox 758 2721 832 2775; x_wconf 90' lang='lat' dir='ltr'>enim</span> <span class='ocrx_word' id='word_1_199' title='bbox 850 2721 906 2775; x_wconf 89' lang='lat' dir='ltr'>nisi</span> <span class='ocrx_word' id='word_1_200' title='bbox 924 2721 997 2790; x_wconf 90' lang='lat' dir='ltr'>apud</span> <span class='ocrx_word' id='word_1_201' title='bbox 1015 2721 1083 2776; x_wconf 92' lang='lat' dir='ltr'>Poll.</span> <span class='ocrx_word' id='word_1_202' title='bbox 1103 2721 1136 2775; x_wconf 89' lang='lat' dir='ltr'><em>X.</em></span> <span class='ocrx_word' id='word_1_203' title='bbox 1153 2723 1205 2777; x_wconf 89' lang='grc'><em>190</em></span> <span class='ocrx_word' id='word_1_204' title='bbox 1224 2724 1276 2778; x_wconf 90' lang='lat' dir='ltr'><em>hac</em></span> <span class='ocrx_word' id='word_1_205' title='bbox 1294 2739 1341 2778; x_wconf 95' lang='lat' dir='ltr'><em>no·</em></span> 
     </span>
     <span class='ocr_line' id='line_1_24' title="bbox 168 2810 411 2867; baseline -0.004 -1"><span class='ocrx_word' id='word_1_206' title='bbox 168 2811 243 2867; x_wconf 90' lang='lat' dir='ltr'>tione</span> <span class='ocrx_word' id='word_1_207' title='bbox 261 2810 411 2866; x_wconf 84' lang='lat' dir='ltr'>invenitur.</span> 
     </span>
     <span class='ocr_line' id='line_1_25' title="bbox 169 2898 1343 2970; baseline -0.001 -14"><span class='ocrx_word' id='word_1_208' title='bbox 169 2902 275 2967; x_wconf 54' lang='grc'><strong>[281.</strong></span> <span class='ocrx_word' id='word_1_209' title='bbox 296 2902 316 2968; x_wconf 86' lang='lat'><em>¹)</em></span> <span class='ocrx_word' id='word_1_210' title='bbox 334 2898 432 2955; x_wconf 79' lang='lat' dir='ltr'><strong>Paullo</strong></span> <span class='ocrx_word' id='word_1_211' title='bbox 447 2901 513 2954; x_wconf 87' lang='lat' dir='ltr'>ante</span> <span class='ocrx_word' id='word_1_212' title='bbox 529 2899 654 2969; x_wconf 78' lang='grc' dir='ltr'><em>φροῦδος</em></span> <span class='ocrx_word' id='word_1_213' title='bbox 669 2914 703 2953; x_wconf 84' lang='lat' dir='ltr'><em>ex</em></span> <span class='ocrx_word' id='word_1_214' title='bbox 718 2899 771 2954; x_wconf 91' lang='lat' dir='ltr'><em>hac</em></span> <span class='ocrx_word' id='word_1_215' title='bbox 786 2914 853 2954; x_wconf 82' lang='lat' dir='ltr'>voce</span> <span class='ocrx_word' id='word_1_216' title='bbox 868 2902 958 2953; x_wconf 90' lang='lat' dir='ltr'>ortum</span> <span class='ocrx_word' id='word_1_217' title='bbox 973 2915 1034 2954; x_wconf 82' lang='lat' dir='ltr'>esne</span> <span class='ocrx_word' id='word_1_218' title='bbox 1050 2898 1198 2970; x_wconf 87' lang='lat' dir='ltr'>opiscopus</span> <span class='ocrx_word' id='word_1_219' title='bbox 1212 2899 1343 2968; x_wconf 88' lang='lat' dir='ltr'>affirmat,</span> 
     </span>
     <span class='ocr_line' id='line_1_26' title="bbox 168 2986 1341 3060; baseline 0.002 -16"><span class='ocrx_word' id='word_1_220' title='bbox 168 2986 201 3045; x_wconf 78' lang='lat' dir='ltr'><em>cl.</em></span> <span class='ocrx_word' id='word_1_221' title='bbox 220 3007 248 3060; x_wconf 89' lang='lat' dir='ltr'><em>p.</em></span> <span class='ocrx_word' id='word_1_222' title='bbox 264 2990 330 3056; x_wconf 87' lang='lat'><em>805,</em></span> <span class='ocrx_word' id='word_1_223' title='bbox 348 2989 392 3043; x_wconf 94' lang='grc'><em>45.</em></span> <span class='ocrx_word' id='word_1_224' title='bbox 415 2989 481 3043; x_wconf 89' lang='lat' dir='ltr'><em>Hcs.</em></span> <span class='ocrx_word' id='word_1_225' title='bbox 500 2988 576 3043; x_wconf 85' lang='lat' dir='ltr'>Suid.</span> <span class='ocrx_word' id='word_1_226' title='bbox 595 2988 639 3042; x_wconf 85' lang='lat' dir='ltr'><em>Et.</em></span> <span class='ocrx_word' id='word_1_227' title='bbox 658 2988 698 3042; x_wconf 90' lang='lat' dir='ltr'><em>M.</em></span> <span class='ocrx_word' id='word_1_228' title='bbox 718 2989 783 3053; x_wconf 89' lang='grc'><strong>800,</strong></span> <span class='ocrx_word' id='word_1_229' title='bbox 803 2989 845 3043; x_wconf 93' lang='grc'><em>57.</em></span> <span class='ocrx_word' id='word_1_230' title='bbox 870 3019 904 3027; x_wconf 94' lang='grc'>-</span> <span class='ocrx_word' id='word_1_231' title='bbox 927 2988 1062 3044; x_wconf 83' lang='lat' dir='ltr'><strong>Doctrina</strong></span> <span class='ocrx_word' id='word_1_232' title='bbox 1085 2991 1254 3059; x_wconf 75' lang='lat' dir='ltr'>Pausaniae,</span> <span class='ocrx_word' id='word_1_233' title='bbox 1280 3007 1341 3046; x_wconf 93' lang='lat' dir='ltr'><em>cum</em></span> 
     </span>
     <span class='ocr_line' id='line_1_27' title="bbox 167 3074 1182 3147; baseline 0 -13"><span class='ocrx_word' id='word_1_234' title='bbox 167 3094 303 3147; x_wconf 84' lang='lat' dir='ltr'>nusquam</span> <span class='ocrx_word' id='word_1_235' title='bbox 321 3077 413 3133; x_wconf 87' lang='lat' dir='ltr'>simile</span> <span class='ocrx_word' id='word_1_236' title='bbox 433 3077 500 3146; x_wconf 89' lang='lat' dir='ltr'>quid</span> <span class='ocrx_word' id='word_1_237' title='bbox 518 3080 663 3146; x_wconf 85' lang='lat' dir='ltr'>appareat,</span> <span class='ocrx_word' id='word_1_238' title='bbox 682 3074 869 3145; x_wconf 87' lang='lat' dir='ltr'>suspicionem</span> <span class='ocrx_word' id='word_1_239' title='bbox 888 3079 1063 3147; x_wconf 87' lang='lat' dir='ltr'>corruptelae</span> <span class='ocrx_word' id='word_1_240' title='bbox 1082 3082 1182 3134; x_wconf 84' lang='lat' dir='ltr'>movet.</span> 
     </span>
    </p>

    <p class='ocr_par' dir='ltr' id='par_1_8' title="bbox 168 3165 1345 3770">
     <span class='ocr_line' id='line_1_28' title="bbox 211 3165 1345 3237; baseline 0.001 -14"><span class='ocrx_word' id='word_1_241' title='bbox 211 3169 274 3223; x_wconf 91' lang='lat'>282.</span> <span class='ocrx_word' id='word_1_242' title='bbox 293 3167 316 3236; x_wconf 80' lang='grc'><em>1)</em></span> <span class='ocrx_word' id='word_1_243' title='bbox 334 3166 377 3221; x_wconf 89' lang='lat' dir='ltr'><em>Dc</em></span> <span class='ocrx_word' id='word_1_244' title='bbox 400 3165 485 3221; x_wconf 88' lang='lat' dir='ltr'>totius</span> <span class='ocrx_word' id='word_1_245' title='bbox 508 3165 563 3220; x_wconf 91' lang='lat' dir='ltr'>loci</span> <span class='ocrx_word' id='word_1_246' title='bbox 584 3165 707 3220; x_wconf 87' lang='lat' dir='ltr'>fontibus</span> <span class='ocrx_word' id='word_1_247' title='bbox 726 3165 760 3220; x_wconf 90' lang='lat' dir='ltr'><em>cf.</em></span> <span class='ocrx_word' id='word_1_248' title='bbox 780 3166 852 3220; x_wconf 90' lang='lat' dir='ltr'>Prcl.</span> <span class='ocrx_word' id='word_1_249' title='bbox 871 3182 898 3235; x_wconf 90' lang='lat' dir='ltr'><em>p.</em></span> <span class='ocrx_word' id='word_1_250' title='bbox 919 3167 962 3221; x_wconf 84' lang='lat'>43.</span> <span class='ocrx_word' id='word_1_251' title='bbox 973 3183 1014 3236; x_wconf 88' lang='lat' dir='ltr'><em>sq.</em></span> <span class='ocrx_word' id='word_1_252' title='bbox 1033 3167 1199 3237; x_wconf 84' lang='lat' dir='ltr'>Plerumque</span> <span class='ocrx_word' id='word_1_253' title='bbox 1218 3169 1345 3224; x_wconf 87' lang='lat' dir='ltr'>atticista</span> 
     </span>
     <span class='ocr_line' id='line_1_29' title="bbox 168 3254 1344 3327; baseline 0.002 -16"><span class='ocrx_word' id='word_1_254' title='bbox 168 3254 364 3324; x_wconf 73' lang='lat' dir='ltr'><em>Aristophanis</em></span> <span class='ocrx_word' id='word_1_255' title='bbox 388 3255 543 3310; x_wconf 86' lang='lat' dir='ltr'>doctrinam</span> <span class='ocrx_word' id='word_1_256' title='bbox 565 3256 699 3324; x_wconf 89' lang='lat' dir='ltr'>sequitur.</span> <span class='ocrx_word' id='word_1_257' title='bbox 718 3286 754 3295; x_wconf 97' lang='lat'>—</span> <span class='ocrx_word' id='word_1_258' title='bbox 773 3255 843 3310; x_wconf 86' lang='lat' dir='ltr'>Tota</span> <span class='ocrx_word' id='word_1_259' title='bbox 861 3255 988 3324; x_wconf 84' lang='lat' dir='ltr'>Dionysii</span> <span class='ocrx_word' id='word_1_260' title='bbox 1013 3257 1140 3312; x_wconf 89' lang='lat' dir='ltr'>doctrina</span> <span class='ocrx_word' id='word_1_261' title='bbox 1161 3257 1281 3313; x_wconf 84' lang='lat' dir='ltr'>recurrit</span> <span class='ocrx_word' id='word_1_262' title='bbox 1299 3274 1344 3327; x_wconf 92' lang='lat' dir='ltr'><em>ap.</em></span> 
     </span>
     <span class='ocr_line' id='line_1_30' title="bbox 168 3338 1344 3414; baseline 0.002 -14"><span class='ocrx_word' id='word_1_263' title='bbox 168 3345 245 3400; x_wconf 89' lang='lat' dir='ltr'>Phot.</span> <span class='ocrx_word' id='word_1_264' title='bbox 265 3344 341 3400; x_wconf 86' lang='lat' dir='ltr'>Suid.</span> <span class='ocrx_word' id='word_1_265' title='bbox 361 3359 382 3398; x_wconf 80' lang='lat' dir='ltr'><em>s.</em></span> <span class='ocrx_word' id='word_1_266' title='bbox 402 3361 427 3399; x_wconf 84' lang='lat' dir='ltr'>v.</span> <span class='ocrx_word' id='word_1_267' title='bbox 447 3339 592 3410; x_wconf 87' lang='grc' dir='ltr'><em>ἰδιόξενος.</em></span> <span class='ocrx_word' id='word_1_268' title='bbox 611 3374 647 3383; x_wconf 96' lang='grc'><strong>-</strong></span> <span class='ocrx_word' id='word_1_269' title='bbox 666 3338 802 3414; x_wconf 85' lang='grc' dir='ltr'><em>πρόξενοι</em></span> <span class='ocrx_word' id='word_1_270' title='bbox 821 3370 855 3389; x_wconf 94' lang='lat'><em>=</em></span> <span class='ocrx_word' id='word_1_271' title='bbox 875 3345 965 3399; x_wconf 88' lang='lat' dir='ltr'>Schol.</span> <span class='ocrx_word' id='word_1_272' title='bbox 984 3345 1052 3400; x_wconf 89' lang='lat' dir='ltr'><em>Luc.</em></span> <span class='ocrx_word' id='word_1_273' title='bbox 1071 3347 1118 3401; x_wconf 91' lang='lat' dir='ltr'>IV.</span> <span class='ocrx_word' id='word_1_274' title='bbox 1136 3363 1162 3414; x_wconf 92' lang='lat' dir='ltr'><em>p.</em></span> <span class='ocrx_word' id='word_1_275' title='bbox 1182 3348 1242 3401; x_wconf 87' lang='grc'><strong>138.</strong></span> <span class='ocrx_word' id='word_1_276' title='bbox 1262 3347 1344 3402; x_wconf 89' lang='lat' dir='ltr'>Jaco-</span> 
     </span>
     <span class='ocr_line' id='line_1_31' title="bbox 168 3432 1344 3504; baseline 0 -16"><span class='ocrx_word' id='word_1_277' title='bbox 168 3435 231 3489; x_wconf 84' lang='lat' dir='ltr'>bitz.</span> <span class='ocrx_word' id='word_1_278' title='bbox 251 3433 341 3488; x_wconf 87' lang='lat' dir='ltr'>initio.</span> <span class='ocrx_word' id='word_1_279' title='bbox 362 3432 452 3489; x_wconf 83' lang='lat' dir='ltr'>Schol.</span> <span class='ocrx_word' id='word_1_280' title='bbox 472 3435 520 3487; x_wconf 88' lang='lat' dir='ltr'><em>Ar.</em></span> <span class='ocrx_word' id='word_1_281' title='bbox 539 3435 590 3487; x_wconf 76' lang='lat' dir='ltr'><em>Aa.</em></span> <span class='ocrx_word' id='word_1_282' title='bbox 611 3433 688 3488; x_wconf 94' lang='lat'>1022.</span> <span class='ocrx_word' id='word_1_283' title='bbox 708 3432 798 3488; x_wconf 86' lang='lat' dir='ltr'>Schol.</span> <span class='ocrx_word' id='word_1_284' title='bbox 813 3433 892 3488; x_wconf 92' lang='lat' dir='ltr'><em>Dem.</em></span> <span class='ocrx_word' id='word_1_285' title='bbox 908 3434 969 3500; x_wconf 90' lang='grc'><strong>175,</strong></span> <span class='ocrx_word' id='word_1_286' title='bbox 984 3435 1028 3489; x_wconf 89' lang='grc'><em>21.</em></span> <span class='ocrx_word' id='word_1_287' title='bbox 1043 3433 1106 3488; x_wconf 89' lang='lat' dir='ltr'>Ddf.</span> <span class='ocrx_word' id='word_1_288' title='bbox 1126 3433 1162 3490; x_wconf 92' lang='lat' dir='ltr'><em>ib.</em></span> <span class='ocrx_word' id='word_1_289' title='bbox 1177 3451 1204 3504; x_wconf 90' lang='lat' dir='ltr'><em>p.</em></span> <span class='ocrx_word' id='word_1_290' title='bbox 1224 3436 1285 3501; x_wconf 89' lang='grc'><em>651,</em></span> <span class='ocrx_word' id='word_1_291' title='bbox 1300 3436 1344 3490; x_wconf 89' lang='grc'><em>20.</em></span> 
     </span>
     <span class='ocr_line' id='line_1_32' title="bbox 168 3521 1344 3592; baseline 0 -15"><span class='ocrx_word' id='word_1_292' title='bbox 168 3525 294 3578; x_wconf 87' lang='lat' dir='ltr'>Ammon.</span> <span class='ocrx_word' id='word_1_293' title='bbox 318 3539 346 3592; x_wconf 91' lang='lat' dir='ltr'><em>p.</em></span> <span class='ocrx_word' id='word_1_294' title='bbox 369 3523 429 3576; x_wconf 89' lang='lat'>118.</span> <span class='ocrx_word' id='word_1_295' title='bbox 453 3521 497 3575; x_wconf 82' lang='lat' dir='ltr'><em>Et.</em></span> <span class='ocrx_word' id='word_1_296' title='bbox 523 3521 592 3577; x_wconf 77' lang='lat' dir='ltr'>(iud.</span> <span class='ocrx_word' id='word_1_297' title='bbox 616 3522 681 3584; x_wconf 89' lang='lat'><em>481,</em></span> <span class='ocrx_word' id='word_1_298' title='bbox 706 3523 749 3576; x_wconf 88' lang='grc'><em>29.</em></span> <span class='ocrx_word' id='word_1_299' title='bbox 773 3522 848 3576; x_wconf 86' lang='lat' dir='ltr'>Suid.</span> <span class='ocrx_word' id='word_1_300' title='bbox 873 3522 962 3576; x_wconf 87' lang='lat' dir='ltr'>Schol.</span> <span class='ocrx_word' id='word_1_301' title='bbox 986 3524 1087 3577; x_wconf 85' lang='lat' dir='ltr'>Aesch.</span> <span class='ocrx_word' id='word_1_302' title='bbox 1106 3524 1128 3576; x_wconf 94' lang='grc' dir='ltr'><em>Ι.</em></span> <span class='ocrx_word' id='word_1_303' title='bbox 1147 3524 1189 3585; x_wconf 83' lang='grc'><em>89.</em></span> <span class='ocrx_word' id='word_1_304' title='bbox 1213 3525 1262 3578; x_wconf 91' lang='grc' dir='ltr'><em>ΙΠ.</em></span> <span class='ocrx_word' id='word_1_305' title='bbox 1282 3525 1344 3579; x_wconf 88' lang='lat'>138.</span> 
     </span>
     <span class='ocr_line' id='line_1_33' title="bbox 168 3605 1343 3683; baseline 0.001 -17"><span class='ocrx_word' id='word_1_306' title='bbox 168 3613 281 3683; x_wconf 83' lang='lat' dir='ltr'>Freyer.</span> <span class='ocrx_word' id='word_1_307' title='bbox 300 3627 328 3680; x_wconf 87' lang='lat' dir='ltr'>p.</span> <span class='ocrx_word' id='word_1_308' title='bbox 347 3611 410 3666; x_wconf 89' lang='lat'>282.</span> <span class='ocrx_word' id='word_1_309' title='bbox 425 3626 482 3680; x_wconf 87' lang='lat' dir='ltr'>sqq.</span> <span class='ocrx_word' id='word_1_310' title='bbox 500 3610 568 3679; x_wconf 65' lang='lat' dir='ltr'><em>Ros.</em></span> <span class='ocrx_word' id='word_1_311' title='bbox 587 3611 624 3679; x_wconf 82' lang='lat' dir='ltr'><em>gl.</em></span> <span class='ocrx_word' id='word_1_312' title='bbox 644 3605 779 3680; x_wconf 83' lang='grc' dir='ltr'><em>πρόξενοι</em></span> <span class='ocrx_word' id='word_1_313' title='bbox 798 3611 887 3665; x_wconf 90' lang='lat' dir='ltr'>Schol.</span> <span class='ocrx_word' id='word_1_314' title='bbox 907 3612 973 3665; x_wconf 87' lang='lat' dir='ltr'><em>Her.</em></span> <span class='ocrx_word' id='word_1_315' title='bbox 994 3611 1057 3677; x_wconf 83' lang='lat' dir='ltr'>(vol.</span> <span class='ocrx_word' id='word_1_316' title='bbox 1072 3612 1106 3665; x_wconf 92' lang='grc' dir='ltr'><em>Π.</em></span> <span class='ocrx_word' id='word_1_317' title='bbox 1125 3628 1152 3680; x_wconf 94' lang='lat' dir='ltr'>p.</span> <span class='ocrx_word' id='word_1_318' title='bbox 1167 3611 1227 3666; x_wconf 88' lang='grc'><strong>459.</strong></span> <span class='ocrx_word' id='word_1_319' title='bbox 1247 3612 1343 3679; x_wconf 83' lang='lat' dir='ltr'>Stein).</span> 
     </span>
     <span class='ocr_line' id='line_1_34' title="bbox 168 3698 815 3770; baseline -0.003 -16"><span class='ocrx_word' id='word_1_320' title='bbox 168 3700 245 3756; x_wconf 87' lang='lat' dir='ltr'>Erot.</span> <span class='ocrx_word' id='word_1_321' title='bbox 258 3700 328 3770; x_wconf 87' lang='grc' dir='ltr'><em>Ι112,</em></span> <span class='ocrx_word' id='word_1_322' title='bbox 347 3701 372 3755; x_wconf 89' lang='grc'><em>8.</em></span> <span class='ocrx_word' id='word_1_323' title='bbox 391 3699 483 3754; x_wconf 87' lang='lat' dir='ltr'>Klein.</span> <span class='ocrx_word' id='word_1_324' title='bbox 503 3698 594 3754; x_wconf 88' lang='lat' dir='ltr'>Schol.</span> <span class='ocrx_word' id='word_1_325' title='bbox 613 3699 693 3754; x_wconf 90' lang='lat' dir='ltr'><em>Hom.</em></span> <span class='ocrx_word' id='word_1_326' title='bbox 713 3700 736 3752; x_wconf 85' lang='grc' dir='ltr'><em>Δ</em></span> <span class='ocrx_word' id='word_1_327' title='bbox 754 3699 815 3752; x_wconf 90' lang='grc'><strong>377.</strong></span> 
     </span>
    </p>

    <p class='ocr_par' dir='ltr' id='par_1_9' title="bbox 167 3781 1344 3942">
     <span class='ocr_line' id='line_1_35' title="bbox 257 3781 1344 3856; baseline 0.001 -14"><span class='ocrx_word' id='word_1_328' title='bbox 257 3787 280 3856; x_wconf 77' lang='lat'><em>¹)</em></span> <span class='ocrx_word' id='word_1_329' title='bbox 298 3788 366 3843; x_wconf 89' lang='lat' dir='ltr'><em>Hcs.</em></span> <span class='ocrx_word' id='word_1_330' title='bbox 386 3803 406 3843; x_wconf 91' lang='lat' dir='ltr'><em>s.</em></span> <span class='ocrx_word' id='word_1_331' title='bbox 419 3805 444 3844; x_wconf 85' lang='lat' dir='ltr'>v.</span> <span class='ocrx_word' id='word_1_332' title='bbox 464 3782 627 3853; x_wconf 84' lang='grc' dir='ltr'><em>ἀστόξενος.</em></span> <span class='ocrx_word' id='word_1_333' title='bbox 648 3783 676 3841; x_wconf 84' lang='lat' dir='ltr'><em>oi</em></span> <span class='ocrx_word' id='word_1_334' title='bbox 694 3785 725 3842; x_wconf 80' lang='grc' dir='ltr'><em>δὲ</em></span> <span class='ocrx_word' id='word_1_335' title='bbox 743 3782 811 3851; x_wconf 86' lang='grc' dir='ltr'><em>τοὺς</em></span> <span class='ocrx_word' id='word_1_336' title='bbox 829 3785 928 3853; x_wconf 88' lang='grc' dir='ltr'><em>ξένους</em></span> <span class='ocrx_word' id='word_1_337' title='bbox 945 3786 1000 3856; x_wconf 74' lang='grc' dir='ltr'><em>μὲν</em></span> <span class='ocrx_word' id='word_1_338' title='bbox 1020 3781 1103 3852; x_wconf 87' lang='grc' dir='ltr'><em>όντας</em></span> <span class='ocrx_word' id='word_1_339' title='bbox 1121 3790 1179 3842; x_wconf 84' lang='grc' dir='ltr'><strong>κτλ.</strong></span> <span class='ocrx_word' id='word_1_340' title='bbox 1205 3787 1240 3842; x_wconf 81' lang='lat' dir='ltr'><em>cf.</em></span> <span class='ocrx_word' id='word_1_341' title='bbox 1260 3783 1344 3843; x_wconf 84' lang='grc' dir='ltr'><em>οἰστό-</em></span> 
     </span>
     <span class='ocr_line' id='line_1_36' title="bbox 167 3880 252 3942; baseline 0 -10"><span class='ocrx_word' id='word_1_342' title='bbox 167 3880 252 3942; x_wconf 85' lang='grc' dir='ltr'><em>ξενοι.</em></span> 
     </span>
    </p>

    <p class='ocr_par' dir='ltr' id='par_1_10' title="bbox 157 3963 1343 4301">
     <span class='ocr_line' id='line_1_37' title="bbox 257 3963 823 4034; baseline -0.002 -14"><span class='ocrx_word' id='word_1_343' title='bbox 257 3963 432 4034; x_wconf 73' lang='grc' dir='ltr'><em>8)61.Ρ1ιιι.</em></span> <span class='ocrx_word' id='word_1_344' title='bbox 453 3965 563 4034; x_wconf 73' lang='lat' dir='ltr'>Quaest.</span> <span class='ocrx_word' id='word_1_345' title='bbox 584 3981 675 4034; x_wconf 86' lang='lat' dir='ltr'>graec.</span> <span class='ocrx_word' id='word_1_346' title='bbox 696 3967 738 4020; x_wconf 84' lang='grc'><em>17.</em></span> <span class='ocrx_word' id='word_1_347' title='bbox 756 3966 823 4020; x_wconf 87' lang='lat' dir='ltr'><em>Hes.</em></span> 
     </span>
     <span class='ocr_line' id='line_1_38' title="bbox 157 4053 1343 4124; baseline 0.001 -15"><span class='ocrx_word' id='word_1_348' title='bbox 157 4105 161 4109; x_wconf 80' lang='grc'><em>,</em></span> <span class='ocrx_word' id='word_1_349' title='bbox 260 4054 282 4122; x_wconf 85' lang='lat'><em>⁴)</em></span> <span class='ocrx_word' id='word_1_350' title='bbox 300 4055 387 4111; x_wconf 86' lang='lat' dir='ltr'>Mocr.</span> <span class='ocrx_word' id='word_1_351' title='bbox 406 4055 473 4111; x_wconf 83' lang='lat' dir='ltr'><em>Hcs.</em></span> <span class='ocrx_word' id='word_1_352' title='bbox 492 4055 581 4110; x_wconf 89' lang='lat' dir='ltr'>Schol.</span> <span class='ocrx_word' id='word_1_353' title='bbox 600 4055 667 4109; x_wconf 89' lang='lat' dir='ltr'><em>Luc.</em></span> <span class='ocrx_word' id='word_1_354' title='bbox 687 4055 706 4109; x_wconf 93' lang='lat' dir='ltr'><em>l.</em></span> <span class='ocrx_word' id='word_1_355' title='bbox 721 4054 739 4109; x_wconf 92' lang='lat' dir='ltr'><em>l.</em></span> <span class='ocrx_word' id='word_1_356' title='bbox 759 4056 810 4109; x_wconf 90' lang='lat' dir='ltr'><em>sub</em></span> <span class='ocrx_word' id='word_1_357' title='bbox 829 4053 920 4108; x_wconf 92' lang='lat' dir='ltr'>finem.</span> <span class='ocrx_word' id='word_1_358' title='bbox 948 4055 1029 4109; x_wconf 90' lang='lat' dir='ltr'>Hunc</span> <span class='ocrx_word' id='word_1_359' title='bbox 1048 4056 1085 4110; x_wconf 91' lang='lat' dir='ltr'><em>ad</em></span> <span class='ocrx_word' id='word_1_360' title='bbox 1102 4055 1192 4110; x_wconf 92' lang='lat' dir='ltr'>locum</span> <span class='ocrx_word' id='word_1_361' title='bbox 1212 4072 1254 4122; x_wconf 89' lang='lat' dir='ltr'><em>ea,</em></span> <span class='ocrx_word' id='word_1_362' title='bbox 1273 4071 1343 4124; x_wconf 89' lang='lat' dir='ltr'>quae</span> 
     </span>
     <span class='ocr_line' id='line_1_39' title="bbox 167 4138 1342 4214; baseline 0.001 -15"><span class='ocrx_word' id='word_1_363' title='bbox 167 4144 299 4213; x_wconf 81' lang='lat' dir='ltr'>lexicogr.</span> <span class='ocrx_word' id='word_1_364' title='bbox 322 4144 357 4198; x_wconf 85' lang='lat' dir='ltr'><em>de</em></span> <span class='ocrx_word' id='word_1_365' title='bbox 386 4138 617 4214; x_wconf 73' lang='grc' dir='ltr'><em>έθελοπρόξενος</em></span> <span class='ocrx_word' id='word_1_366' title='bbox 644 4159 710 4199; x_wconf 87' lang='lat' dir='ltr'>voce</span> <span class='ocrx_word' id='word_1_367' title='bbox 735 4143 881 4213; x_wconf 85' lang='lat' dir='ltr'>proferunt</span> <span class='ocrx_word' id='word_1_368' title='bbox 908 4144 984 4213; x_wconf 83' lang='lat' dir='ltr'>(Hes.</span> <span class='ocrx_word' id='word_1_369' title='bbox 1007 4145 1039 4198; x_wconf 92' lang='grc' dir='ltr'><em>Β.</em></span> <span class='ocrx_word' id='word_1_370' title='bbox 1063 4147 1096 4199; x_wconf 80' lang='grc' dir='ltr'><em>Α.</em></span> <span class='ocrx_word' id='word_1_371' title='bbox 1121 4145 1168 4211; x_wconf 89' lang='grc'><em>95,</em></span> <span class='ocrx_word' id='word_1_372' title='bbox 1192 4146 1235 4200; x_wconf 93' lang='grc'><em>18.</em></span> <span class='ocrx_word' id='word_1_373' title='bbox 1267 4144 1342 4201; x_wconf 82' lang='lat' dir='ltr'>Suid.</span> 
     </span>
     <span class='ocr_line' id='line_1_40' title="bbox 167 4231 627 4301; baseline -0.004 -13"><span class='ocrx_word' id='word_1_374' title='bbox 167 4233 257 4288; x_wconf 86' lang='lat' dir='ltr'>Schol.</span> <span class='ocrx_word' id='word_1_375' title='bbox 277 4232 367 4288; x_wconf 87' lang='lat' dir='ltr'>Thuc.</span> <span class='ocrx_word' id='word_1_376' title='bbox 385 4233 435 4288; x_wconf 90' lang='lat'>111.</span> <span class='ocrx_word' id='word_1_377' title='bbox 456 4234 508 4301; x_wconf 88' lang='grc'><strong>70),</strong></span> <span class='ocrx_word' id='word_1_378' title='bbox 528 4231 627 4287; x_wconf 84' lang='lat' dir='ltr'>refero.</span> 
     </span>
    </p>

    <p class='ocr_par' dir='ltr' id='par_1_11' title="bbox 123 4316 1344 4488">
     <span class='ocr_line' id='line_1_41' title="bbox 256 4316 1344 4393; baseline 0.001 -17"><span class='ocrx_word' id='word_1_379' title='bbox 256 4321 278 4389; x_wconf 80' lang='lat'><em>⁶)</em></span> <span class='ocrx_word' id='word_1_380' title='bbox 296 4322 451 4378; x_wconf 91' lang='lat' dir='ltr'>Pausaniae</span> <span class='ocrx_word' id='word_1_381' title='bbox 471 4321 624 4377; x_wconf 86' lang='lat' dir='ltr'>doctrinam</span> <span class='ocrx_word' id='word_1_382' title='bbox 643 4321 798 4392; x_wconf 91' lang='lat' dir='ltr'>pleniorem</span> <span class='ocrx_word' id='word_1_383' title='bbox 816 4322 902 4377; x_wconf 90' lang='lat' dir='ltr'>habes</span> <span class='ocrx_word' id='word_1_384' title='bbox 921 4337 965 4391; x_wconf 94' lang='lat' dir='ltr'><em>ap.</em></span> <span class='ocrx_word' id='word_1_385' title='bbox 984 4322 1062 4377; x_wconf 87' lang='lat' dir='ltr'>Eust.</span> <span class='ocrx_word' id='word_1_386' title='bbox 1081 4339 1108 4392; x_wconf 94' lang='lat' dir='ltr'>p.</span> <span class='ocrx_word' id='word_1_387' title='bbox 1126 4322 1189 4389; x_wconf 88' lang='grc'><strong>485,</strong></span> <span class='ocrx_word' id='word_1_388' title='bbox 1209 4323 1251 4377; x_wconf 90' lang='lat'>12.</span> <span class='ocrx_word' id='word_1_389' title='bbox 1275 4316 1344 4393; x_wconf 85' lang='grc' dir='ltr'><em>πρό-</em></span> 
     </span>
     <span class='ocr_line' id='line_1_42' title="bbox 123 4402 1344 4488; baseline 0.001 -24"><span class='ocrx_word' id='word_1_390' title='bbox 123 4449 128 4458; x_wconf 85' lang='grc'><strong>.</strong></span> <span class='ocrx_word' id='word_1_391' title='bbox 167 4411 249 4474; x_wconf 83' lang='grc' dir='ltr'><em>ξενος</em></span> <span class='ocrx_word' id='word_1_392' title='bbox 268 4402 284 4465; x_wconf 86' lang='grc' dir='ltr'><em>δ</em></span> <span class='ocrx_word' id='word_1_393' title='bbox 304 4403 362 4466; x_wconf 77' lang='grc' dir='ltr'><em>ὑπὸ</em></span> <span class='ocrx_word' id='word_1_394' title='bbox 381 4407 493 4476; x_wconf 84' lang='grc' dir='ltr'><em>πόλεως</em></span> <span class='ocrx_word' id='word_1_395' title='bbox 511 4408 669 4480; x_wconf 76' lang='grc' dir='ltr'><em>ἠξιωμένος</em></span> <span class='ocrx_word' id='word_1_396' title='bbox 687 4408 719 4467; x_wconf 89' lang='grc' dir='ltr'><em>έν</em></span> <span class='ocrx_word' id='word_1_397' title='bbox 736 4414 772 4482; x_wconf 81' lang='grc' dir='ltr'><em>τῇ</em></span> <span class='ocrx_word' id='word_1_398' title='bbox 790 4410 918 4488; x_wconf 78' lang='grc' dir='ltr'><em>σφετέρᾳ</em></span> <span class='ocrx_word' id='word_1_399' title='bbox 936 4415 1134 4483; x_wconf 74' lang='grc' dir='ltr'><em>προΐστασθαι</em></span> <span class='ocrx_word' id='word_1_400' title='bbox 1152 4409 1257 4478; x_wconf 88' lang='grc' dir='ltr'><em>ξένοις·</em></span> <span class='ocrx_word' id='word_1_401' title='bbox 1277 4406 1344 4466; x_wconf 89' lang='grc' dir='ltr'><em>ἰδιό-</em></span> 
     </span>
    </p>
   </div>
   <div class='ocr_carea' id='block_1_5' title="bbox 0 0 1505 5040">
    <p class='ocr_par' dir='ltr' id='par_1_12' title="bbox 0 0 1505 5040">
     <span class='ocr_line' id='line_1_43' title="bbox 0 0 1505 5040; baseline 0 0"><span class='ocrx_word' id='word_1_402' title='bbox 0 0 1505 5040; x_wconf 95' lang='lat' dir='ltr'><em> </em></span> 
     </span>
    </p>
   </div>
  </div>
 </body>
</html>
