3000 5040
737 243 798 307 199

172 407 245 474 τοις
266 388 548 486 μεθ’Ὅμηρονὸ
572 399 609 466 ἐν
628 411 699 479 τοῖς
721 397 839 486 γάμοις
862 400 1047 488 λεγόμενος
1063 403 1243 491 πάροχος.
1269 410 1347 495 φησὶ

171 494 235 589 γάρ
258 505 502 587 Παυσανίας,
530 497 584 572 ὅτι
607 506 645 573 ἐν
671 504 789 593 γάμοις
816 523 904 594 τρεῖς
932 509 989 576 ἐπὶ
1016 504 1141 598 ἁμάξης
1167 509 1348 600 ἐκάθηντο,

170 609 255 696 μέση
277 603 299 696 ἡ
321 607 444 698 νύμφη,
468 608 654 699 ἑκάτερθεν
678 614 715 679 δὲ
738 607 757 681 ὃ
782 611 926 700 νύμφιος
948 619 1005 682 καὶ
1029 610 1048 682 ὁ
1071 615 1228 703 πάροχος,
1251 622 1348 702 φίλος

171 705 274 794 οὗτος
295 710 317 803 ἢ
340 711 498 806 συγγενὴς
521 713 540 786 ὁ
563 717 706 805 μάλιστα
728 718 916 807 τιμώμενος
933 726 988 788 καὶ
1009 716 1236 809 α’χαποάμενος.
1261 722 1348 792 ἔνθα

171 824 353 910 σημείοισαι
380 823 436 891 ἐπὶ
462 824 539 892 οίου
568 829 814 914 σημαινομένου
843 822 862 895 ὁ
885 826 1033 915 πάροχος
1056 827 1178 896 ἔκειτο·
1221 825 1347 919 οὐγὰρ
1374 856 1387 895 5

172 927 229 996 ἐπὶ
250 937 315 997 τοῦ
336 938 400 996 νῦν
422 929 610 1020 συνήθους,
635 925 672 1013 ὃς
696 934 733 1000 ἐκ
756 943 819 1002 τοῦ
841 936 998 1023 παρέχειν
1021 939 1162 1022 γίνεται,
1191 931 1268 1003 ἀλλ’
1291 938 1345 1004 ἐπὶ

170 1041 245 1116 τοῦ,
267 1031 315 1114 ὥς
337 1037 474 1125 εἴρηται,
495 1043 754 1126 παροχουμένου
777 1045 835 1108 καὶ
858 1036 981 1108 ὡσανεὶ
1005 1040 1225 1129 παραιβάτου.

260 1143 335 1210 274.
365 1145 538 1213 Eustath.
558 1171 587 1232 p.
607 1149 682 1226 914,
700 1150 753 1214 46.
786 1147 892 1215 ἔτιδὲ
915 1152 970 1215 καὶ
994 1146 1207 1235 παροίπιον
1229 1143 1270 1216 τὸ
1289 1153 1347 1216 καὶ

170 1241 406 1339 άντήλιονῑ).
439 1245 480 1318 τὸ
502 1253 539 1319 δὲ
561 1242 605 1341 ἦν
628 1256 732 1341 δέρμα
754 1258 832 1341 περὶ
850 1249 910 1333 τὰς
934 1250 1030 1340 ὄψεις
1052 1265 1124 1322 τοῖν
1148 1255 1274 1337 ίππονν,
1299 1248 1345 1334 ὥς

171 1372 274 1442 φησιν
296 1355 434 1436 Αἴλιος
457 1356 715 1448 Διονύσιος1).
753 1353 837 1447 ὅπερ
861 1361 895 1428 οἱ
917 1364 1080 1448 θεωρικοὶ
1103 1358 1273 1446 πάροιπον
1291 1363 1343 1428 λε’-
1359 1387 1385 1426 ιο

168 1480 295 1546 χουσιν.

259 1569 334 1635 275.
369 1572 547 1638 Eustath.
569 1596 599 1657 p.
626 1573 725 1650 1408,
749 1574 800 1639 27.
839 1566 891 1663 [τὸ
916 1574 952 1640 δὲ
977 1576 1026 1640 δῶ
1050 1567 1283 1640 άποκέκοπται
1307 1574 1344 1640 ἐκ

168 1681 231 1741 τοῦ
254 1677 359 1760 δῶμα,
381 1670 476 1746 καθὰ
498 1681 556 1744 καὶ
580 1678 618 1745 ἐκ
636 1687 699 1746 τοῦ
721 1669 801 1766 ἧλος
818 1669 860 1766 ἧλ
881 1673 967 1746 κατὰ
990 1673 1052 1746 τὸν
1069 1677 1269 1767 χεοογράφον
1287 1684 1345 1747 καὶ

169 1774 254 1847 ἄλλα
285 1775 407 1872 ὅμοια]
448 1787 506 1850 καὶ
534 1778 581 1864 ὡς
607 1778 647 1852 τὸ
676 1792 802 1853 παῦσαι
829 1793 908 1852 παῦ
936 1783 1052 1872 ἔλεγον
1083 1785 1344 1872 μονοσυλλάβοος

168 1880 255 1954 κατὰ
277 1889 420 1957 Αἴλιον
442 1889 702 1978 Διονύσιονῑ).
1357 1917 1382 1957 1⁵

257 1996 332 2063 276.
362 1998 536 2066 Eustath.
555 2023 585 2084 p.
606 2002 702 2079 1280,
721 2001 772 2067 33.
805 1997 896 2086 κάπη
916 1999 952 2065 δὲ
975 2001 1032 2065 καὶ
1055 1992 1123 2067 άπὸ
1142 2009 1204 2066 τοῦ
1222 1998 1342 2068 κάπτοι

169 2103 265 2168 δοκεῖ
288 2105 457 2188 γίνεσθαι·
500 2097 564 2172 ἄπ’
587 2099 689 2193 αὐτῆς
722 2107 758 2173 δὲ
789 2102 1058 2194 παυσιιιάπηῑ)
1086 2100 1172 2172 κατὰ
1200 2107 1342 2173 Αἴλιον

167 2206 382 2277 Διονύσιον
403 2208 577 2299 μηχάνημά
600 2237 633 2278 τι
655 2220 767 2297 τροχῷ
790 2212 938 2298 ἐμφερὲς,
962 2205 1009 2277 δι)
1032 2202 1074 2279 οὗ
1092 2205 1154 2279 τὸν
1176 2210 1342 2300 τράχηλον

167 2317 295 2403 διεῑρον
317 2309 521 2403 ὑποζυγίων,
544 2311 632 2386 ὥστε
655 2312 699 2406 μὴ
722 2319 859 2385 ἐσθίειν.
903 2311 1027 2403 ὁμοίως
1051 2320 1087 2384 δὲ
1110 2320 1260 2384 καὶτῶν
1283 2313 1340 2384 άν-

164 2420 338 2509 θρώποον,
366 2416 468 2507 ὥστε,
499 2428 608 2513 φησὶ,
634 2417 679 2513 μὴ
708 2421 875 2491 δύνασθαι
901 2417 962 2503 τὰς
986 2438 1097 2511 χεῖρας
1124 2432 1174 2510 τῷ
1202 2421 1340 2509 στόματι
1354 2447 1380 2486 so

164 2525 357 2615 προσάγειν.

256 2637 330 2703 277.
362 2637 536 2704 Eustath.
553 2661 584 2723 p.
606 2639 706 2716 1493,
724 2638 776 2702 54.
807 2633 951 2722 μάλιστα
975 2636 1010 2702 δὲ
1035 2628 1232 2720 ὁμοιότερον
1254 2626 1340 2719 πρὸς

164 2735 228 2808 τὸν
256 2739 406 2830 ῥηθέντα
425 2736 602 2831 Ὁμηρικὸν
629 2751 780 2831 κρατῆρα
806 2736 846 2810 τὸ
874 2735 966 2828 παρὰ
989 2741 1113 2826 Αἰλίῳ
1141 2743 1338 2826 Διονυσίῳ

164 2846 531 2939 παυσινύσταλονῖ)
560 2851 627 2917 εἴτε
650 2846 781 2937 βρῶμά,
809 2867 943 2937 φησιν,
972 2841 1035 2914 εἴτ’
1059 2841 1141 2913 άλλο
1169 2854 1335 2913 τοιοῦτον.

165 3135 240 3186 σχσς.
259 3118 338 3173 Phot.
357 3113 567 3189 παροχὴσομαι.
593 3117 634 3172 Of.
646 3118 692 3172 Et.
708 3118 746 3172 M.
766 3117 825 3183 145,
840 3117 883 3172 30.
903 3116 993 3171 Schol.
1010 3117 1058 3169 Ar.
1077 3117 1128 3170 Av.
1149 3114 1227 3182 1737,
1246 3112 1335 3168 Schol.

164 3207 231 3262 Luc.
250 3207 304 3261 vol.
323 3207 369 3262 IV.
389 3225 416 3277 p.
437 3209 497 3262 122.
516 3206 652 3263 Jacooitz.
671 3205 740 3260 Poll.
759 3206 809 3260 111.
829 3206 871 3259 40.

209 3296 270 3351 274.
289 3297 310 3362 ¹)
330 3295 370 3350 Oi.
390 3294 487 3365 fragm.
507 3296 549 3350 57.
569 3297 603 3350 A.
622 3293 749 3364 Dionysii
770 3293 856 3348 verbs
879 3287 1027 3357 αὕτολεξεί
1049 3291 1171 3361 repetito
1193 3307 1238 3361 sp.
1257 3291 1335 3345 Phot.

164 3383 240 3438 Suid.
277 3384 354 3453 Quae
377 3385 444 3440 Hos.
467 3384 527 3438 fero
552 3384 657 3438 eisdem
680 3381 771 3437 vorbis
794 3381 908 3450 profert.
941 3380 1048 3436 Similia
1069 3381 1138 3435 Poll.
1156 3381 1191 3435 II.
1216 3381 1264 3447 53,
1288 3378 1336 3432 ubi

164 3467 322 3541 κανθήλια,
348 3474 421 3542 quod
444 3487 524 3528 nemo
547 3471 667 3539 audivit,
690 3470 774 3525 velim
797 3469 932 3539 corrigas,
956 3468 990 3524 cf.
1014 3468 1050 3524 ib.
1071 3468 1105 3523 X.
1125 3468 1167 3523 54.
1191 3461 1333 3537 παράπιν.

164 3555 297 3628 ἅνθήλια.

254 3649 275 3717 ²)
293 3650 401 3704 Eodem
424 3648 551 3704 doctrina
572 3648 667 3719 paullo
690 3647 778 3703 fusius
801 3646 938 3716 repetitur
960 3661 989 3713 p.
1012 3643 1094 3708 1281,
1114 3643 1139 3696 2.
1168 3642 1216 3695 καί
1238 3635 1334 3710 παροί-

165 3755 228 3792 ιιια·
247 3733 282 3792 τά
301 3735 465 3807 ὀφθαλμοῖς
481 3733 580 3792 ἵππων
599 3735 805 3808 περιτιθέμενοι
824 3733 951 3805 δέρματα
969 3733 1018 3786 καί
1036 3726 1072 3784 τά
1082 3725 1168 3800 χάριν
1187 3731 1269 3792 σκιᾶς
1286 3723 1333 3782 άν-

164 3821 255 3895 τήλια,
275 3823 310 3881 τὰ
330 3825 552 3898 προβεβλημένα
571 3823 675 3896 δηλαδὴ
690 3829 748 3881 τοῖν
767 3819 930 3896 προσώπων
948 3828 1007 3884 τοῖς
1025 3813 1226 3888 ἦλιαζομένοις.

207 3917 268 3972 275.
290 3919 310 3985 ¹)
328 3918 410 3973 Oonv.
429 3917 508 3972 Phot.

208 4007 269 4062 276.
291 4009 311 4072 ¹)
330 4007 414 4062 Oonv.
437 4007 517 4061 Phot.
541 4006 616 4061 Suid
640 4003 675 4058 cf.
698 4004 763 4058 Hes.
788 4002 878 4057 Schol.
901 4002 950 4055 Ar.
969 3999 1032 4053 Pac.
1052 3999 1094 4052 14.
1131 3995 1333 4068 Etymologism

165 4095 270 4163 addidi,
291 4096 364 4163 quod
382 4112 417 4150 ox
435 4097 496 4150 loco
514 4093 718 4162 Aristophaneo
737 4090 770 4145 fr.
789 4091 850 4145 302.
869 4088 959 4158 petits
977 4103 1037 4142 esso
1056 4085 1174 4142 videtur.
1206 4083 1245 4141 cf.
1264 4083 1331 4140 Poll.

163 4183 223 4239 VH.
242 4185 286 4239 20.
306 4184 341 4237 Χ.
360 4186 421 4238 112.
450 4184 535 4238 Arist.
555 4181 588 4237 fr.
608 4183 668 4237 301.
688 4180 774 4235 Kock.

207 4274 268 4328 277.
288 4273 310 4340 ¹)
330 4273 412 4328 Conv.
432 4273 477 4328 Et.
495 4274 533 4328 M.
552 4273 619 4339 312,
640 4270 691 4338 18,
714 4269 762 4338 qui
785 4284 820 4322 ex
843 4266 897 4322 lox.
916 4269 986 4322 rhet.
1007 4267 1155 4337 descripsit
1178 4271 1207 4321 et
1229 4266 1331 4320 Phere-

163 4362 248 4418 cratis
266 4362 457 4418 testimonium
475 4361 518 4431 tir.
537 4362 609 4430 208.)
629 4359 716 4427 addit,
736 4357 770 4414 of.
790 4356 904 4428 Hoydsn
923 4372 950 4425 p.
970 4356 1030 4411 207.
