3000 5040
719 177 782 244 104

248 338 300 401 41.
337 336 510 402 Euatath.
534 358 562 421 p.
588 336 667 414 772,
692 336 743 402 25.
781 335 894 402 ἰστέον
921 336 958 402 δὲ
986 328 1041 402 ὅτι
1069 334 1127 403 ἐπὶ
1153 338 1329 422 συγκομιδῇ
1351 354 1359 393 2

160 447 314 528 καρπῶν,
338 432 395 524 ἐφ’
415 430 435 525 ᾗ
454 443 510 507 καὶ
530 433 571 506 τά
595 438 742 509 θαλύσια
765 439 899 523 ἐθύετο,
922 433 1022 529 ἑορτὴ
1044 434 1146 528 ἤγετο
1163 438 1330 530 Δήμητρος

159 652 192 710 τὸ
215 653 246 709 δὲ
274 657 430 709 λυπεῖσθαι
458 656 598 722 ψιλούται.
631 650 664 708 τὸ
691 651 745 721 μὲν
773 651 828 725 γάρ
855 648 913 709 ἀπὸ
941 654 993 709 τοῦ
1020 647 1223 718 ἀλεαίνεσθαι,
1250 650 1283 709 τὸ
1304 656 1328 708 δ’

159 739 217 799 ἀπὸ
236 747 285 811 τῆς
303 736 378 811 ἄλης.
408 738 607 814 Ἀττικώτερον
626 741 670 806 δέ,
695 758 779 812 φασι,
803 738 837 797 τὸ
856 744 905 797 καὶ
927 735 1016 812 ἀμφοι
1038 737 1183 799 ἀασύνειν.
1211 744 1262 797 καί
1279 737 1329 813 γάρ

159 835 208 887 καί
240 827 274 887 τὸ
306 825 450 886 ἀλεαίνειν
477 827 650 886 δασύνουσιν
674 826 803 895 Ἀττικοί,
834 825 872 896 ἀς
899 832 947 885 καί
974 825 1008 886 τά
1035 823 1116 899 ἀμίς
1142 832 1193 886 καί
1220 818 1330 900 ἀμαξα

159 922 209 975 καί
231 912 345 987 ἀμνὸς.
369 916 426 974 ἀπὸ
450 918 481 973 δὲ
505 922 557 974 τοῦ
575 913 673 974 ἀλύειν
692 922 741 975 καὶ
759 912 982 986 ἀλυσκάζειν·
1005 914 1040 975 τὸ
1058 915 1269 992 περιΐστασθαι
1287 921 1332 974 καί

162 1006 303 1064 ἐκκλίνειν
321 1006 367 1076 (τί.
386 1007 461 1064 Suid.
481 1009 558 1075 Hes.)
576 1010 626 1062 καί
645 1002 876 1063 ἀλυσθαίνειν
893 1003 926 1063 τὸ
944 1003 1095 1063 ἀδυνατεῖν
1112 1007 1160 1076 (ci.
1173 1009 1205 1063 B.
1218 1009 1255 1066 A.
1274 1009 1331 1073 385,

160 1099 204 1163 31)
223 1098 272 1151 καί
290 1089 455 1152 ἀλυκτεῖν
473 1091 506 1150 τὸ
525 1098 687 1167 δυσφορεῖν.
707 1095 753 1162 (σί.
767 1098 799 1151 Β.
818 1099 850 1152 A.
871 1097 932 1162 385,
952 1097 1004 1164 13).
1032 1096 1154 1152 confusa
1171 1097 1218 1152 vel
1237 1095 1333 1152 mirum

160 1185 190 1240 in
208 1186 320 1240 modum
338 1188 482 1240 contracta
500 1189 565 1240 sunt
581 1185 647 1240 inde
666 1201 683 1239 a
702 1201 768 1240 voce
785 1179 996 1256 Ἀττικώτερον,
1021 1201 1083 1240 cnm
1107 1178 1255 1241 ἀλεαίνειν
1278 1185 1332 1255 spi-

160 1274 218 1329 ritu
246 1290 347 1344 aspero
371 1273 458 1329 scribi
480 1272 602 1329 affirmet
630 1275 791 1343 episcopua,
821 1278 954 1343 tanquam
976 1278 1061 1329 antea
1082 1270 1228 1329 ἀλεαίνειν
1250 1273 1335 1330 scribi

162 1379 231 1431 opus
255 1379 315 1418 esse
340 1362 454 1418 diceret.
493 1363 629 1434 Didymi
657 1362 812 1418 doctrinam
840 1363 953 1417 subesse
977 1363 1149 1419 demonstrat
1172 1361 1250 1418 Suid.
1269 1379 1293 1418 s.
1310 1380 1334 1418 v.

162 1455 192 1506 et
209 1453 240 1506 B.
259 1455 293 1507 A.
313 1453 374 1520 380,
394 1453 429 1506 20
448 1450 492 1519 (ci.
512 1452 602 1506 Schol.
621 1453 703 1521 Soph.
721 1451 764 1506 El.
786 1452 855 1517 135).
885 1450 961 1519 Quae
979 1449 1140 1506 testimonia
1158 1449 1246 1520 digna
1263 1457 1335 1519 sunt,

163 1555 233 1609 quae
248 1539 445 1610 appingantur,
465 1556 527 1594 cum
540 1541 672 1596 Schmidt.
688 1541 798 1612 Didym.
813 1557 840 1610 p.
855 1540 906 1595 185
921 1539 956 1595 de
974 1538 1164 1595 controversia
1178 1556 1264 1609 qnam
1278 1544 1335 1596 sta·

160 1629 211 1684 tim
231 1627 365 1683 orientem
384 1627 500 1694 videbis,
519 1628 560 1682 nil
578 1628 734 1698 protulerit.

250 1718 339 1772 Suid
368 1717 489 1783 Δίδυμος
516 1716 547 1772 δὲ
570 1713 722 1788 ἀμφότερα
862 1717 893 1771 Β.
912 1717 946 1771 Α.
964 1716 983 1771 l.
1002 1718 1021 1771 l.
1050 1716 1172 1784 Δίδυμος
1191 1713 1224 1772 tt
1241 1712 1336 1787 ἀμφύ-

161 1808 261 1874 parur.
280 1800 313 1859 τὸ
332 1803 386 1873 μὲν
405 1800 461 1875 γὰρ
480 1800 537 1860 ἀπὸ
557 1809 608 1860 τοῦ
627 1800 722 1860 ἀλεαί-
771 1823 841 1876 τερα
860 1801 982 1869 δασέως·
1001 1806 1051 1859 καί
1069 1801 1127 1882 γὰρ
1144 1799 1337 1861 ἀλεαίνεσθαι

161 1894 267 1948 νεσθαί
286 1908 380 1961 φησιν.
400 1888 432 1947 τὸ
452 1891 482 1946 δὲ
502 1890 560 1948 ἀπὸ
578 1897 629 1962 τῆς
646 1885 721 1962 ἄλης.
772 1888 943 1949 ἀασύνουσιν
970 1889 998 1948 οἱ
1022 1887 1140 1950 Ἀττικοί
1166 1895 1219 1948 καί
1241 1889 1337 1950 πάντα

159 1976 358 2050 Ἀττικύτερον
386 1979 417 2034 δὲ
444 1977 477 2035 τὸ
501 1976 652 2053 ἀμφύτερα
676 1984 723 2036 δα·
772 1979 808 2037 τά
830 1984 960 2037 τοιαῦτα·
988 1969 1054 2049 ἀμις
1081 1982 1109 2049 (l.
1129 1974 1206 2050 ἀμίς)
1229 1971 1336 2050 ἀμαξα,

162 2064 266 2124 σύνειν.
286 2069 336 2122 καί
349 2063 405 2139 γάρ
419 2063 452 2123 τὸ
473 2063 658 2124 ἀλεαίνεσθαι
677 2071 722 2123 δα·
772 2063 874 2138 ἀμνὸς,
889 2064 1006 2136 Ἂλαεῖς,
1025 2063 1131 2125 ἀλύειν.
1151 2062 1235 2126 ἄλλοι
1252 2069 1286 2126 δὲ
1304 2067 1337 2127 τὸ

162 2152 298 2211 σύνουσιν
322 2158 350 2211 οί
370 2154 487 2212 Ἀττικοί
503 2142 557 2210 ’καί
576 2152 670 2211 πάντα
688 2152 723 2210 τά
772 2153 869 2213 ἀλύειν
892 2155 940 2214 ἐιιί
963 2158 1017 2213 τού
1032 2157 1145 2230 χαίρειν
1163 2152 1338 2215 δασύνουσιν

162 2247 289 2300 τοιαῦτα.
773 2240 843 2310 ἴσως
860 2241 918 2302 ἀπὸ
936 2246 989 2302 τοῦ
1006 2238 1174 2314 ἀλλομένον,
1193 2235 1271 2320 ὅπερ
1289 2250 1337 2304 ἀσι-

773 2350 897 2389 συνεται.

252 2421 353 2477 Mirum
377 2423 407 2476 in
429 2422 539 2476 modurn
562 2423 648 2492 igitur
671 2423 763 2478 omnia
782 2429 908 2478 contorta
926 2428 998 2478 sunt,
1035 2424 1178 2492 Quaenam
1196 2423 1254 2481 suit
1270 2441 1338 2482 verr

162 2511 275 2583 Didymi
299 2511 442 2568 doctrina?
478 2511 516 2566 Ut
539 2511 673 2582 Didymus
697 2511 831 2580 affirmet,
855 2513 970 2568 verbum
992 2518 1108 2581 utreque
1130 2511 1335 2582 significatione

163 2601 236 2656 leni
260 2601 360 2670 spiritu
378 2617 458 2656 usum
477 2616 552 2666 esse,
576 2602 706 2656 convenit
729 2617 791 2656 cum
809 2617 913 2657 canona
931 2600 1107 2657 Herodieneo
1125 2602 1157 2669 (I.
1176 2619 1205 2672 p.
1224 2604 1292 2672 540,
1308 2603 1334 2657 4.

163 2687 195 2745 τὸ
215 2709 234 2744 α
254 2685 309 2761 πρὸ
328 2693 381 2744 τοῦ
399 2692 415 2742 λ
434 2683 498 2752 ἑνὸς
516 2680 535 2756 ἤ
553 2690 655 2745 δισσού
672 2692 824 2758 ψιλοῦται),
844 2696 949 2760 pugnat
967 2695 1060 2746 autem
1080 2706 1143 2745 cum
1160 2707 1215 2745 usu
1231 2690 1333 2747 actim

164 2779 212 2834 Sin
240 2783 332 2833 autem
351 2777 498 2848 Didymum
521 2783 668 2847 utrumqne
692 2780 806 2833 verbum
831 2774 1047 2834 δασύνεσθαι
1070 2779 1229 2849 existimas,
1253 2780 1334 2850 (qnod

164 2867 316 2923 Schmidtio
339 2866 478 2936 placuisse
501 2866 635 2936 videtur),
659 2884 720 2921 cum
745 2883 795 2922 usu
819 2869 957 2924 communi
974 2869 1054 2924 nobis
1073 2869 1254 2939 pugnandum
1272 2868 1332 2925 erit

165 2957 241 3024 Quod
265 2959 359 3010 sutem
382 2955 470 3009 attica
493 2971 602 3024 semper
621 2956 798 3010 Eustathium
822 2957 1032 3026 respicientem,
1055 2957 1131 3012 idem
1155 2959 1232 3028 apud
1249 2959 1282 3014 Β.
1299 2961 1331 3014 A.

164 3043 227 3098 fieri
245 3043 330 3111 vides,
348 3058 404 3097 non
423 3043 537 3097 dubium
552 3044 616 3112 quin
631 3044 743 3099 illorum
755 3046 881 3100 doctrina
900 3045 1087 3114 praeferenda
1103 3045 1149 3112 sit,
1168 3047 1332 3116 pracsertim

165 3147 226 3186 cnm
245 3137 274 3185 et
293 3131 366 3199 apud
381 3130 493 3185 Snidam
512 3134 609 3186 eadem
623 3133 736 3203 Didymi
750 3134 842 3188 verbis
856 3137 1011 3204 opponatur
1030 3140 1059 3189 et
1077 3149 1112 3189 ea
1124 3135 1228 3190 Suidae
1240 3136 1331 3202 verba,

165 3235 236 3289 quae
254 3218 367 3288 Didymi
387 3219 538 3274 doctrinam
558 3221 605 3289 (gl.
624 3223 649 3275 2.
669 3221 717 3288 in.)
735 3226 884 3291 praeeunt,
904 3222 967 3292 ipsa
985 3229 1116 3293 corrupte
1135 3223 1193 3278 sint
1210 3224 1332 3292 (sanburn

164 3302 262 3362 ἀλύειν
282 3307 356 3362 enim
375 3309 493 3362 δασεῖαν
511 3307 592 3376 fingit
610 3325 627 3363 a
646 3326 713 3365 voce
736 3304 789 3378 ἀλη
813 3312 1000 3379 derivatumi).
1037 3313 1155 3367 Veteres
1177 3311 1264 3381 igitur
1285 3312 1331 3367 dc·

164 3399 293 3451 cuerunt:
323 3398 375 3450 duo
395 3395 474 3450 fuere
493 3398 591 3465 verba,
621 3391 719 3454 ἀλύειν
737 3426 770 3444 =
790 3401 921 3468 gaudere,
940 3401 987 3469 (ci.
1006 3402 1121 3455 Ptolem.
1140 3402 1270 3456 Ascalon.
1289 3415 1330 3469 ap.

163 3486 241 3539 Euat.
261 3485 326 3548 555,
347 3485 389 3538 24.
409 3486 440 3538 Β.
460 3487 493 3539 Α.
513 3485 531 3541 l.
551 3487 579 3551 l.)
602 3482 700 3542 ἀλύειν
718 3513 752 3532 =
771 3487 867 3557 affligi.
905 3489 1058 3558 Utrumque
1082 3492 1176 3544 autem
1199 3489 1331 3560 Didymus

163 3590 242 3629 usum
260 3573 386 3628 Atticum
410 3589 528 3642 sequens
553 3575 653 3644 spiritu
677 3591 775 3645 aspero
799 3576 919 3646 scripsit.
956 3577 1084 3632 Eustath.
1104 3578 1122 3632 1.
1141 3578 1160 3632 1.
1180 3578 1233 3633 sub
1251 3577 1331 3633 finem

164 3656 260 3718 ἀλύειν
279 3680 341 3718 cum
361 3656 548 3719 ἀλυσθαίνειν
567 3671 620 3720 etc.
640 3664 782 3734 coniungit
801 3681 894 3720 errore
912 3673 1023 3734 aperto,
1043 3683 1106 3722 cnm
1123 3665 1165 3721 ibi
1182 3659 1281 3724 ἀλύειν
1298 3691 1330 3713 =

164 3751 253 3821 affligi
271 3755 397 3822 ponatur,
418 3756 491 3822 quod
509 3770 641 3821 nusquam
660 3753 765 3808 audies.
797 3755 850 3809 Ille
863 3755 948 3810 verba
966 3756 1040 3824 apud
1053 3756 1250 3825 grammaticos
1262 3772 1330 3811 sem·

163 3856 214 3908 per
232 3841 332 3910 spiritu
355 3841 412 3896 leni
431 3848 559 3910 utuntur,
584 3842 618 3896 ci.
637 3843 716 3896 Eust.
736 3843 797 3907 654,
815 3844 858 3897 49.
869 3858 947 3912 sqqu.
976 3843 1050 3899 Suid.
1070 3861 1091 3900 s.
1110 3861 1135 3898 v.
1154 3838 1330 3912 ἀλυσκάζειν.

163 3931 195 3984 Β.
215 3931 248 3984 Α.
268 3931 327 3996 380,
348 3932 389 3985 19.
410 3932 475 3986 Hes,
495 3926 646 3997 ἀλυσκάζω
663 3932 708 3984 Et.
728 3933 765 3984 M.
787 3933 833 3997 71,
853 3932 901 4000 40,
920 3934 963 3988 53.
984 3933 1031 4000 72,
1052 3934 1093 3989 18.
1131 3933 1221 4002 Quam
1239 3949 1330 3989 vocem

164 4012 261 4072 ἀλύειν
280 4034 341 4073 cum
361 4019 495 4074 derivatis
514 4019 694 4074 multifariam
714 4037 731 4074 a
749 4021 937 4088 grammaticis
956 4021 1097 4076 veteribus
1115 4024 1253 4077 tentatam
1272 4036 1331 4077 esse

164 4108 246 4160 docet
264 4107 352 4162 Erot.
373 4125 400 4178 p.
420 4110 463 4173 36,
482 4111 507 4163 2.
526 4108 618 4163 Klein.
638 4101 778 4176 ἀλνσμόν
798 4104 923 4179 ἀπορίαν
941 4105 1111 4180 ἀμηχανίαν,
1132 4103 1171 4175 ἀς
1189 4111 1238 4165 καί
1250 4097 1331 4179 ‘'Ouy

165 4212 215 4266 ρος
233 4190 264 4249 ἐν
283 4198 316 4264 τῇ
336 4213 351 4250 ε
369 4198 443 4267 (352)
461 4200 511 4265 τῆς
528 4192 642 4262 Ἰλιάδος
661 4194 708 4252 ἐντί
726 4198 776 4267 τῆς
789 4194 950 4269 Ἀφροδίτης
969 4196 1149 4275 κειρομένης
1167 4200 1266 4275 φησίν·

325 4275 364 4351 ιάς
384 4279 482 4354 ἔφαθ’,
502 4278 518 4355 ἢ
540 4284 566 4339 d‘
586 4282 706 4343 ἀλύουσ’
726 4282 894 4360 ἀπεβήσατο
