<?xml version="1.0" encoding="UTF-8"?>
<!DOCTYPE html PUBLIC "-//W3C//DTD XHTML 1.0 Transitional//EN"
    "http://www.w3.org/TR/xhtml1/DTD/xhtml1-transitional.dtd">
<html xmlns="http://www.w3.org/1999/xhtml" xml:lang="en" lang="en">
 <head>
  <title>
</title>
<meta http-equiv="Content-Type" content="text/html;charset=utf-8" />
  <meta name='ocr-system' content='tesseract 3.04.00' />
  <meta name='ocr-capabilities' content='ocr_page ocr_carea ocr_par ocr_line ocrx_word'/>
</head>
<body>
  <div class='ocr_page' id='page_1' title='image "./aeliidionysiiet00pausgoog_0275.png"; bbox 0 0 3000 5040; ppageno 0'>
   <div class='ocr_carea' id='block_1_1' title="bbox 802 229 870 297">
    <p class='ocr_par' dir='ltr' id='par_1_1' title="bbox 802 229 870 297">
     <span class='ocr_line' id='line_1_1' title="bbox 802 229 870 297; baseline 0 -1"><span class='ocrx_word' id='word_1_1' title='bbox 802 229 870 297; x_wconf 89' lang='grc'><strong>260</strong></span> 
     </span>
    </p>
   </div>
   <div class='ocr_carea' id='block_1_2' title="bbox 224 384 1472 1122">
    <p class='ocr_par' dir='ltr' id='par_1_2' title="bbox 224 384 1472 1122">
     <span class='ocr_line' id='line_1_2' title="bbox 383 384 597 480; baseline -0.009 -21"><span class='ocrx_word' id='word_1_2' title='bbox 383 395 454 480; x_wconf 78' lang='grc' dir='ltr'><em>τρὶς</em></span> <span class='ocrx_word' id='word_1_3' title='bbox 475 384 597 468; x_wconf 76' lang='grc' dir='ltr'><em>ὕδατος</em></span> 
     </span>
     <span class='ocr_line' id='line_1_3' title="bbox 251 491 1208 588; baseline -0.005 -21"><span class='ocrx_word' id='word_1_4' title='bbox 251 503 332 588; x_wconf 84' lang='grc' dir='ltr'><em>φησὶ</em></span> <span class='ocrx_word' id='word_1_5' title='bbox 355 502 412 566; x_wconf 84' lang='grc' dir='ltr'><em>καὶ</em></span> <span class='ocrx_word' id='word_1_6' title='bbox 435 492 477 566; x_wconf 80' lang='grc' dir='ltr'><em>τὰ</em></span> <span class='ocrx_word' id='word_1_7' title='bbox 503 494 583 586; x_wconf 75' lang='grc' dir='ltr'><em>ἑξῆς.</em></span> <span class='ocrx_word' id='word_1_8' title='bbox 613 491 763 575; x_wconf 75' lang='grc' dir='ltr'><em>Εὔπολις</em></span> <span class='ocrx_word' id='word_1_9' title='bbox 786 497 821 562; x_wconf 73' lang='grc' dir='ltr'><em>δὲ</em></span> <span class='ocrx_word' id='word_1_10' title='bbox 845 495 958 584; x_wconf 74' lang='grc' dir='ltr'><em>(Αἰξὶν</em></span> <span class='ocrx_word' id='word_1_11' title='bbox 980 495 1018 561; x_wconf 85' lang='lat' dir='ltr'><strong>fr.</strong></span> <span class='ocrx_word' id='word_1_12' title='bbox 1038 497 1067 563; x_wconf 90' lang='lat'><em>8.</em></span> <span class='ocrx_word' id='word_1_13' title='bbox 1090 494 1208 583; x_wconf 86' lang='lat' dir='ltr'><strong>Kook)·</strong></span> 
     </span>
     <span class='ocr_line' id='line_1_4' title="bbox 340 599 1035 692; baseline -0.007 -19"><span class='ocrx_word' id='word_1_14' title='bbox 340 603 481 673; x_wconf 81' lang='grc' dir='ltr'><em>Διόνυσε</em></span> <span class='ocrx_word' id='word_1_15' title='bbox 507 619 614 691; x_wconf 79' lang='grc' dir='ltr'><em>χαῖρε·</em></span> <span class='ocrx_word' id='word_1_16' title='bbox 648 603 746 692; x_wconf 76' lang='grc' dir='ltr'><em>μήτοι</em></span> <span class='ocrx_word' id='word_1_17' title='bbox 768 604 870 670; x_wconf 80' lang='grc' dir='ltr'><em>πέντε</em></span> <span class='ocrx_word' id='word_1_18' title='bbox 893 605 950 669; x_wconf 86' lang='grc' dir='ltr'><em>καὶ</em></span> <span class='ocrx_word' id='word_1_19' title='bbox 974 599 1035 669; x_wconf 80' lang='grc' dir='ltr'><em>δύο</em></span> 
     </span>
     <span class='ocr_line' id='line_1_5' title="bbox 251 705 814 798; baseline -0.007 -18"><span class='ocrx_word' id='word_1_20' title='bbox 251 721 408 781; x_wconf 88' lang='grc' dir='ltr'><em>τοιοῦτον</em></span> <span class='ocrx_word' id='word_1_21' title='bbox 431 715 488 779; x_wconf 88' lang='grc' dir='ltr'><em>καί</em></span> <span class='ocrx_word' id='word_1_22' title='bbox 511 705 551 779; x_wconf 84' lang='grc' dir='ltr'><em>τὸ</em></span> <span class='ocrx_word' id='word_1_23' title='bbox 575 713 814 798; x_wconf 78' lang='grc' dir='ltr'><em>παροιμιῶδες·</em></span> 
     </span>
     <span class='ocr_line' id='line_1_6' title="bbox 224 809 1472 906; baseline -0.007 -20"><span class='ocrx_word' id='word_1_24' title='bbox 224 848 237 886; x_wconf 81' lang='lat' dir='ltr'><strong>a</strong></span> <span class='ocrx_word' id='word_1_25' title='bbox 339 822 441 888; x_wconf 82' lang='grc' dir='ltr'><em>πέντε</em></span> <span class='ocrx_word' id='word_1_26' title='bbox 464 822 577 887; x_wconf 91' lang='grc' dir='ltr'><em>πίνειν</em></span> <span class='ocrx_word' id='word_1_27' title='bbox 599 812 620 906; x_wconf 84' lang='grc' dir='ltr'><em>ἢ</em></span> <span class='ocrx_word' id='word_1_28' title='bbox 643 811 711 905; x_wconf 81' lang='grc' dir='ltr'><em>τρί’</em></span> <span class='ocrx_word' id='word_1_29' title='bbox 730 811 750 906; x_wconf 76' lang='grc' dir='ltr'><strong><em>ἢ</em></strong></span> <span class='ocrx_word' id='word_1_30' title='bbox 772 809 816 906; x_wconf 77' lang='grc' dir='ltr'><em>μὴ</em></span> <span class='ocrx_word' id='word_1_31' title='bbox 839 816 983 903; x_wconf 80' lang='grc' dir='ltr'><em>τέτταρα</em></span> <span class='ocrx_word' id='word_1_32' title='bbox 1468 884 1472 891; x_wconf 54' lang='grc'><strong>,</strong></span> 
     </span>
     <span class='ocr_line' id='line_1_7' title="bbox 250 916 1430 1016; baseline -0.005 -20"><span class='ocrx_word' id='word_1_33' title='bbox 250 922 290 996; x_wconf 85' lang='grc' dir='ltr'><em>τὸ</em></span> <span class='ocrx_word' id='word_1_34' title='bbox 308 929 370 1014; x_wconf 78' lang='grc' dir='ltr'><em>μὲν</em></span> <span class='ocrx_word' id='word_1_35' title='bbox 388 921 449 1016; x_wconf 81' lang='grc' dir='ltr'><em>γὰρ</em></span> <span class='ocrx_word' id='word_1_36' title='bbox 468 921 563 994; x_wconf 77' lang='grc' dir='ltr'><em>πέντ’</em></span> <span class='ocrx_word' id='word_1_37' title='bbox 583 926 653 992; x_wconf 80' lang='grc' dir='ltr'><em>ἐστὶ</em></span> <span class='ocrx_word' id='word_1_38' title='bbox 674 928 751 1012; x_wconf 92' lang='grc' dir='ltr'><em>τρία</em></span> <span class='ocrx_word' id='word_1_39' title='bbox 774 927 831 991; x_wconf 87' lang='grc' dir='ltr'><em>καί</em></span> <span class='ocrx_word' id='word_1_40' title='bbox 850 921 920 991; x_wconf 85' lang='grc' dir='ltr'><em>δύο.</em></span> <span class='ocrx_word' id='word_1_41' title='bbox 948 916 989 991; x_wconf 80' lang='grc' dir='ltr'><em>τὸ</em></span> <span class='ocrx_word' id='word_1_42' title='bbox 1013 923 1050 990; x_wconf 79' lang='lat' dir='ltr'><em>oi</em></span> <span class='ocrx_word' id='word_1_43' title='bbox 1071 927 1148 1011; x_wconf 88' lang='grc' dir='ltr'><em>τρία</em></span> <span class='ocrx_word' id='word_1_44' title='bbox 1170 916 1271 1012; x_wconf 77' lang='grc' dir='ltr'><em>ἥμισυ</em></span> <span class='ocrx_word' id='word_1_45' title='bbox 1295 926 1356 991; x_wconf 81' lang='grc' dir='ltr'><em>καὶ</em></span> <span class='ocrx_word' id='word_1_46' title='bbox 1380 925 1430 991; x_wconf 83' lang='grc' dir='ltr'><em>δι-</em></span> 
     </span>
     <span class='ocr_line' id='line_1_8' title="bbox 250 1024 1249 1122; baseline -0.004 -19"><span class='ocrx_word' id='word_1_47' title='bbox 250 1033 404 1103; x_wconf 76' lang='grc' dir='ltr'><em>πλάσιον.</em></span> <span class='ocrx_word' id='word_1_48' title='bbox 428 1029 533 1122; x_wconf 81' lang='grc' dir='ltr'><em>ἤγουν</em></span> <span class='ocrx_word' id='word_1_49' title='bbox 556 1032 593 1101; x_wconf 75' lang='grc' dir='ltr'><em>ἓν</em></span> <span class='ocrx_word' id='word_1_50' title='bbox 616 1035 674 1099; x_wconf 85' lang='grc' dir='ltr'><em>καὶ</em></span> <span class='ocrx_word' id='word_1_51' title='bbox 697 1029 766 1099; x_wconf 79' lang='grc' dir='ltr'><em>δύο.</em></span> <span class='ocrx_word' id='word_1_52' title='bbox 790 1024 833 1098; x_wconf 82' lang='grc' dir='ltr'><em>τὰ</em></span> <span class='ocrx_word' id='word_1_53' title='bbox 853 1032 889 1099; x_wconf 76' lang='grc' dir='ltr'><em>δὲ</em></span> <span class='ocrx_word' id='word_1_54' title='bbox 912 1031 1056 1119; x_wconf 81' lang='grc' dir='ltr'><em>τέσσαρα</em></span> <span class='ocrx_word' id='word_1_55' title='bbox 1078 1031 1153 1099; x_wconf 80' lang='grc' dir='ltr'><em>ἴσον</em></span> <span class='ocrx_word' id='word_1_56' title='bbox 1176 1032 1249 1120; x_wconf 85' lang='grc' dir='ltr'><em>ίσῳ.</em></span> 
     </span>
    </p>
   </div>
   <div class='ocr_carea' id='block_1_3' title="bbox 822 1213 858 1278">
    <p class='ocr_par' dir='ltr' id='par_1_3' title="bbox 822 1213 858 1278">
     <span class='ocr_line' id='line_1_9' title="bbox 822 1213 858 1278; baseline 0 -2"><span class='ocrx_word' id='word_1_57' title='bbox 822 1213 858 1278; x_wconf 82' lang='lat' dir='ltr'><strong>Y.</strong></span> 
     </span>
    </p>
   </div>
   <div class='ocr_carea' id='block_1_4' title="bbox 214 1332 1430 1639">
    <p class='ocr_par' dir='ltr' id='par_1_4' title="bbox 214 1332 1430 1639">
     <span class='ocr_line' id='line_1_10' title="bbox 339 1332 1430 1423; baseline -0.003 -19"><span class='ocrx_word' id='word_1_58' title='bbox 339 1342 414 1407; x_wconf 89' lang='lat'><strong>441.</strong></span> <span class='ocrx_word' id='word_1_59' title='bbox 446 1338 672 1422; x_wconf 79' lang='grc' dir='ltr'><strong>Ευε1ο11.ρ.</strong></span> <span class='ocrx_word' id='word_1_60' title='bbox 699 1336 798 1415; x_wconf 93' lang='grc'><strong>1155,</strong></span> <span class='ocrx_word' id='word_1_61' title='bbox 828 1338 879 1402; x_wconf 89' lang='grc'><strong>62.</strong></span> <span class='ocrx_word' id='word_1_62' title='bbox 919 1335 961 1402; x_wconf 80' lang='grc' dir='ltr'><em>ἐν</em></span> <span class='ocrx_word' id='word_1_63' title='bbox 989 1335 1031 1403; x_wconf 74' lang='grc' dir='ltr'><em>δὲ</em></span> <span class='ocrx_word' id='word_1_64' title='bbox 1057 1332 1256 1423; x_wconf 72' lang='grc' dir='ltr'><strong><em>ῥητορικῷ</em></strong></span> <span class='ocrx_word' id='word_1_65' title='bbox 1279 1338 1430 1422; x_wconf 76' lang='grc' dir='ltr'><em>λεξικιῇ</em></span> 
     </span>
     <span class='ocr_line' id='line_1_11' title="bbox 253 1436 1430 1535; baseline -0.004 -22"><span class='ocrx_word' id='word_1_66' title='bbox 253 1439 428 1535; x_wconf 76' lang='grc' dir='ltr'><em>εὕρηται,</em></span> <span class='ocrx_word' id='word_1_67' title='bbox 452 1447 506 1511; x_wconf 83' lang='grc' dir='ltr'><em>καί</em></span> <span class='ocrx_word' id='word_1_68' title='bbox 524 1436 577 1510; x_wconf 81' lang='grc' dir='ltr'><em>ὅτι</em></span> <span class='ocrx_word' id='word_1_69' title='bbox 587 1437 699 1522; x_wconf 71' lang='grc' dir='ltr'><em>Ὑάδες</em></span> <span class='ocrx_word' id='word_1_70' title='bbox 709 1446 748 1529; x_wconf 84' lang='grc'><em>1)·</em></span> <span class='ocrx_word' id='word_1_71' title='bbox 773 1439 913 1528; x_wconf 81' lang='grc' dir='ltr'><strong><em>Βάκχαι,</em></strong></span> <span class='ocrx_word' id='word_1_72' title='bbox 931 1449 1069 1530; x_wconf 77' lang='grc' dir='ltr'><em>τιθῆναι</em></span> <span class='ocrx_word' id='word_1_73' title='bbox 1086 1448 1149 1509; x_wconf 87' lang='grc' dir='ltr'><em>τοῦ</em></span> <span class='ocrx_word' id='word_1_74' title='bbox 1167 1436 1345 1508; x_wconf 85' lang='grc' dir='ltr'><em>Διονύσου.</em></span> <span class='ocrx_word' id='word_1_75' title='bbox 1370 1444 1430 1508; x_wconf 87' lang='grc' dir='ltr'><em>καί</em></span> 
     </span>
     <span class='ocr_line' id='line_1_12' title="bbox 214 1539 1427 1639; baseline -0.002 -22"><span class='ocrx_word' id='word_1_76' title='bbox 214 1579 239 1618; x_wconf 85' lang='grc' dir='ltr'><em>ιο</em></span> <span class='ocrx_word' id='word_1_77' title='bbox 252 1546 315 1620; x_wconf 83' lang='grc' dir='ltr'><em>τὸν</em></span> <span class='ocrx_word' id='word_1_78' title='bbox 338 1550 503 1620; x_wconf 85' lang='grc' dir='ltr'><em>Διόνυσον</em></span> <span class='ocrx_word' id='word_1_79' title='bbox 520 1543 642 1639; x_wconf 65' lang='lat' dir='ltr'><em>ti&#39;pui)</em></span> <span class='ocrx_word' id='word_1_80' title='bbox 670 1552 752 1634; x_wconf 80' lang='grc' dir='ltr'><em>φασί</em></span> <span class='ocrx_word' id='word_1_81' title='bbox 775 1573 864 1628; x_wconf 91' lang='grc' dir='ltr'><em>τινες</em></span> <span class='ocrx_word' id='word_1_82' title='bbox 892 1541 959 1616; x_wconf 78' lang='grc' dir='ltr'><em>α’πὸ</em></span> <span class='ocrx_word' id='word_1_83' title='bbox 987 1546 1130 1616; x_wconf 84' lang='grc' dir='ltr'><em>τούτων.</em></span> <span class='ocrx_word' id='word_1_84' title='bbox 1160 1539 1234 1637; x_wconf 70' lang='grc' dir='ltr'><em>Ὑης</em></span> <span class='ocrx_word' id='word_1_85' title='bbox 1260 1540 1326 1636; x_wconf 77' lang='grc' dir='ltr'><em>γὰρ</em></span> <span class='ocrx_word' id='word_1_86' title='bbox 1355 1547 1427 1615; x_wconf 80' lang='grc' dir='ltr'><em>ἐπί-</em></span> 
     </span>
    </p>
   </div>
   <div class='ocr_carea' id='block_1_5' title="bbox 253 1661 849 1812">
    <p class='ocr_par' dir='ltr' id='par_1_5' title="bbox 253 1661 849 1812">
     <span class='ocr_line' id='line_1_13' title="bbox 253 1661 849 1812; baseline -0.007 -87"><span class='ocrx_word' id='word_1_87' title='bbox 253 1666 367 1748; x_wconf 73' lang='grc' dir='ltr'><em>κλησις</em></span> <span class='ocrx_word' id='word_1_88' title='bbox 390 1661 570 1741; x_wconf 77' lang='grc' dir='ltr'><strong><em>Σαβαζίου.</em></strong></span> <span class='ocrx_word' id='word_1_89' title='bbox 820 1750 849 1812; x_wconf 77' lang='grc' dir='ltr'><strong><em>Φ</em></strong></span> 
     </span>
    </p>
   </div>
   <div class='ocr_carea' id='block_1_6' title="bbox 211 1860 1427 2496">
    <p class='ocr_par' dir='ltr' id='par_1_6' title="bbox 252 1860 1427 2172">
     <span class='ocr_line' id='line_1_14' title="bbox 340 1860 1427 1958; baseline -0.003 -20"><span class='ocrx_word' id='word_1_90' title='bbox 340 1876 414 1939; x_wconf 93' lang='grc'><strong>442.</strong></span> <span class='ocrx_word' id='word_1_91' title='bbox 447 1874 620 1938; x_wconf 86' lang='lat' dir='ltr'><strong>Eustath.</strong></span> <span class='ocrx_word' id='word_1_92' title='bbox 640 1897 669 1958; x_wconf 87' lang='lat' dir='ltr'><em>p.</em></span> <span class='ocrx_word' id='word_1_93' title='bbox 690 1873 768 1949; x_wconf 97' lang='grc'><strong>742,</strong></span> <span class='ocrx_word' id='word_1_94' title='bbox 791 1872 843 1938; x_wconf 93' lang='grc'><em>58.</em></span> <span class='ocrx_word' id='word_1_95' title='bbox 880 1870 993 1937; x_wconf 84' lang='grc' dir='ltr'><em>ἰστέον</em></span> <span class='ocrx_word' id='word_1_96' title='bbox 1021 1871 1057 1937; x_wconf 78' lang='grc' dir='ltr'><em>δὲ</em></span> <span class='ocrx_word' id='word_1_97' title='bbox 1081 1860 1134 1937; x_wconf 79' lang='grc' dir='ltr'><em>ὅτι</em></span> <span class='ocrx_word' id='word_1_98' title='bbox 1157 1868 1198 1935; x_wconf 77' lang='grc' dir='ltr'><em>ἐν</em></span> <span class='ocrx_word' id='word_1_99' title='bbox 1220 1865 1427 1957; x_wconf 77' lang='grc' dir='ltr'><em>ῥητορικῷ</em></span> 
     </span>
     <span class='ocr_line' id='line_1_15' title="bbox 252 1969 1426 2066; baseline -0.003 -21"><span class='ocrx_word' id='word_1_100' title='bbox 252 1987 394 2064; x_wconf 76' lang='grc' dir='ltr'><em>λεξικῴ</em></span> <span class='ocrx_word' id='word_1_101' title='bbox 413 1980 549 2065; x_wconf 78' lang='grc' dir='ltr'><em>φέρεται</em></span> <span class='ocrx_word' id='word_1_102' title='bbox 568 1982 624 2045; x_wconf 90' lang='grc' dir='ltr'><em>καὶ</em></span> <span class='ocrx_word' id='word_1_103' title='bbox 638 1986 757 2045; x_wconf 84' lang='grc' dir='ltr'><em>ταῦτα·</em></span> <span class='ocrx_word' id='word_1_104' title='bbox 777 1979 951 2066; x_wconf 67' lang='grc' dir='ltr'><em>φίρνη1)·</em></span> <span class='ocrx_word' id='word_1_105' title='bbox 972 1969 1083 2064; x_wconf 81' lang='grc' dir='ltr'><em>δωρεὰ</em></span> <span class='ocrx_word' id='word_1_106' title='bbox 1100 1978 1234 2063; x_wconf 86' lang='grc' dir='ltr'><em>γυναικί</em></span> <span class='ocrx_word' id='word_1_107' title='bbox 1251 1976 1426 2065; x_wconf 75' lang='grc' dir='ltr'><em>διδομένη·</em></span> 
     </span>
     <span class='ocr_line' id='line_1_16' title="bbox 252 2083 1344 2172; baseline -0.003 -20"><span class='ocrx_word' id='word_1_108' title='bbox 252 2088 396 2172; x_wconf 81' lang='grc' dir='ltr'><em>φέρνια</em></span> <span class='ocrx_word' id='word_1_109' title='bbox 420 2087 456 2152; x_wconf 77' lang='grc' dir='ltr'><em>δὲ</em></span> <span class='ocrx_word' id='word_1_110' title='bbox 481 2083 611 2171; x_wconf 78' lang='grc' dir='ltr'><em>ἰχθύων</em></span> <span class='ocrx_word' id='word_1_111' title='bbox 636 2088 810 2171; x_wconf 79' lang='grc' dir='ltr'><strong><em>σπυρίδας·</em></strong></span> <span class='ocrx_word' id='word_1_112' title='bbox 834 2086 1032 2172; x_wconf 83' lang='grc' dir='ltr'><em>Μένανδρος</em></span> <span class='ocrx_word' id='word_1_113' title='bbox 1055 2085 1108 2167; x_wconf 81' lang='lat' dir='ltr'><strong>(fr.</strong></span> <span class='ocrx_word' id='word_1_114' title='bbox 1129 2086 1201 2151; x_wconf 88' lang='grc'><strong>718.</strong></span> <span class='ocrx_word' id='word_1_115' title='bbox 1225 2083 1344 2169; x_wconf 88' lang='lat' dir='ltr'><strong>Kook)·</strong></span> 
     </span>
    </p>

    <p class='ocr_par' dir='ltr' id='par_1_7' title="bbox 211 2184 1188 2496">
     <span class='ocr_line' id='line_1_17' title="bbox 211 2184 1188 2279; baseline 0.002 -23"><span class='ocrx_word' id='word_1_116' title='bbox 211 2217 237 2257; x_wconf 77' lang='grc' dir='ltr'><em>ιι</em></span> <span class='ocrx_word' id='word_1_117' title='bbox 996 2184 1188 2279; x_wconf 78' lang='grc' dir='ltr'><em>ὁπροςιών</em></span> 
     </span>
     <span class='ocr_line' id='line_1_18' title="bbox 385 2289 1171 2388; baseline -0.003 -21"><span class='ocrx_word' id='word_1_118' title='bbox 385 2301 492 2388; x_wconf 80' lang='grc' dir='ltr'><em>γέροον</em></span> <span class='ocrx_word' id='word_1_119' title='bbox 516 2293 638 2380; x_wconf 74' lang='grc' dir='ltr'><em>ἁλιεὺς,</em></span> <span class='ocrx_word' id='word_1_120' title='bbox 660 2293 745 2385; x_wconf 76' lang='grc' dir='ltr'><em>παρ’</em></span> <span class='ocrx_word' id='word_1_121' title='bbox 764 2289 804 2365; x_wconf 82' lang='grc' dir='ltr'><em>οὗ</em></span> <span class='ocrx_word' id='word_1_122' title='bbox 827 2291 867 2366; x_wconf 84' lang='grc' dir='ltr'><em>τὸ</em></span> <span class='ocrx_word' id='word_1_123' title='bbox 892 2299 1032 2387; x_wconf 78' lang='grc' dir='ltr'><em>φίρνιον</em></span> <span class='ocrx_word' id='word_1_124' title='bbox 1054 2300 1171 2386; x_wconf 84' lang='grc' dir='ltr'><em>τρίτην</em></span> 
     </span>
     <span class='ocr_line' id='line_1_19' title="bbox 384 2399 872 2496; baseline -0.006 -22"><span class='ocrx_word' id='word_1_125' title='bbox 384 2405 510 2496; x_wconf 83' lang='grc' dir='ltr'><em>ταύτην</em></span> <span class='ocrx_word' id='word_1_126' title='bbox 534 2400 715 2493; x_wconf 80' lang='grc' dir='ltr'><em>ἐπριάμε9’</em></span> <span class='ocrx_word' id='word_1_127' title='bbox 738 2399 872 2494; x_wconf 76' lang='grc' dir='ltr'><em>ἡμέραν.</em></span> 
     </span>
    </p>
   </div>
   <div class='ocr_carea' id='block_1_7' title="bbox 244 2571 1428 4441">
    <p class='ocr_par' dir='ltr' id='par_1_8' title="bbox 252 2571 1428 3277">
     <span class='ocr_line' id='line_1_20' title="bbox 296 2571 1428 2658; baseline -0.004 -16"><span class='ocrx_word' id='word_1_128' title='bbox 296 2588 356 2642; x_wconf 87' lang='grc'><strong>441.</strong></span> <span class='ocrx_word' id='word_1_129' title='bbox 387 2588 407 2658; x_wconf 84' lang='lat'><em>¹)</em></span> <span class='ocrx_word' id='word_1_130' title='bbox 426 2587 515 2642; x_wconf 85' lang='lat' dir='ltr'><strong>Multo</strong></span> <span class='ocrx_word' id='word_1_131' title='bbox 538 2587 665 2656; x_wconf 82' lang='lat' dir='ltr'>pleniora</span> <span class='ocrx_word' id='word_1_132' title='bbox 689 2601 733 2654; x_wconf 89' lang='lat' dir='ltr'><strong>up.</strong></span> <span class='ocrx_word' id='word_1_133' title='bbox 757 2585 835 2640; x_wconf 89' lang='lat' dir='ltr'><strong>Phot.</strong></span> <span class='ocrx_word' id='word_1_134' title='bbox 855 2583 929 2640; x_wconf 88' lang='lat' dir='ltr'><strong>Suid</strong></span> <span class='ocrx_word' id='word_1_135' title='bbox 949 2571 1024 2653; x_wconf 73' lang='grc' dir='ltr'><em>Ὓης</em></span> <span class='ocrx_word' id='word_1_136' title='bbox 1049 2579 1098 2638; x_wconf 77' lang='grc' dir='ltr'><em>ἐπί</em></span> <span class='ocrx_word' id='word_1_137' title='bbox 1086 2585 1186 2639; x_wconf 78' lang='grc' dir='ltr'><em>[θετον</em></span> <span class='ocrx_word' id='word_1_138' title='bbox 1209 2578 1363 2650; x_wconf 80' lang='grc' dir='ltr'><em>Διονύσου,</em></span> <span class='ocrx_word' id='word_1_139' title='bbox 1389 2603 1428 2648; x_wconf 86' lang='grc' dir='ltr'><em>ως</em></span> 
     </span>
     <span class='ocr_line' id='line_1_21' title="bbox 254 2666 1425 2782; baseline -0.003 -52"><span class='ocrx_word' id='word_1_140' title='bbox 254 2670 447 2782; x_wconf 76' lang='grc' dir='ltr'><em>Κλειδότημος</em></span> <span class='ocrx_word' id='word_1_141' title='bbox 464 2676 507 2744; x_wconf 75' lang='lat' dir='ltr'><em>(fn</em></span> <span class='ocrx_word' id='word_1_142' title='bbox 523 2677 566 2730; x_wconf 90' lang='grc'><em>21.</em></span> <span class='ocrx_word' id='word_1_143' title='bbox 581 2676 679 2743; x_wconf 81' lang='grc' dir='ltr'><strong>Μ1111.,)</strong></span> <span class='ocrx_word' id='word_1_144' title='bbox 700 2669 805 2744; x_wconf 81' lang='grc' dir='ltr'><em>ἐπειδή,</em></span> <span class='ocrx_word' id='word_1_145' title='bbox 826 2691 926 2743; x_wconf 80' lang='grc' dir='ltr'><em>φησιν,</em></span> <span class='ocrx_word' id='word_1_146' title='bbox 946 2670 1132 2741; x_wconf 81' lang='grc' dir='ltr'><em>ἐπιτελοῦμεν</em></span> <span class='ocrx_word' id='word_1_147' title='bbox 1150 2669 1200 2738; x_wconf 84' lang='grc' dir='ltr'><em>τὰς</em></span> <span class='ocrx_word' id='word_1_148' title='bbox 1213 2672 1317 2737; x_wconf 77' lang='grc' dir='ltr'><strong><em>θυσίας</em></strong></span> <span class='ocrx_word' id='word_1_149' title='bbox 1334 2666 1425 2746; x_wconf 82' lang='grc' dir='ltr'><em>αυτῷ,</em></span> 
     </span>
     <span class='ocr_line' id='line_1_22' title="bbox 252 2752 1427 2835; baseline -0.003 -16"><span class='ocrx_word' id='word_1_150' title='bbox 252 2757 354 2819; x_wconf 72' lang='grc' dir='ltr'><em>καθ’</em></span> <span class='ocrx_word' id='word_1_151' title='bbox 343 2756 377 2820; x_wconf 86' lang='grc' dir='ltr'><em>ὀν</em></span> <span class='ocrx_word' id='word_1_152' title='bbox 394 2760 410 2820; x_wconf 82' lang='grc' dir='ltr'><em>ὃ</em></span> <span class='ocrx_word' id='word_1_153' title='bbox 430 2762 501 2830; x_wconf 75' lang='grc' dir='ltr'><em>θεὸς</em></span> <span class='ocrx_word' id='word_1_154' title='bbox 518 2752 562 2819; x_wconf 85' lang='grc' dir='ltr'><em>υέι</em></span> <span class='ocrx_word' id='word_1_155' title='bbox 579 2760 692 2835; x_wconf 86' lang='grc' dir='ltr'><em>χρόνον.</em></span> <span class='ocrx_word' id='word_1_156' title='bbox 713 2757 779 2818; x_wconf 69' lang='lat' dir='ltr'><em>oua</em></span> <span class='ocrx_word' id='word_1_157' title='bbox 801 2759 966 2834; x_wconf 80' lang='grc' dir='ltr'><em>Φερεκύδης</em></span> <span class='ocrx_word' id='word_1_158' title='bbox 986 2763 1029 2830; x_wconf 72' lang='lat' dir='ltr'><strong>(fr.</strong></span> <span class='ocrx_word' id='word_1_159' title='bbox 1044 2763 1087 2817; x_wconf 86' lang='lat'><strong>46.</strong></span> <span class='ocrx_word' id='word_1_160' title='bbox 1107 2762 1198 2832; x_wconf 83' lang='lat' dir='ltr'><strong>Mun.)</strong></span> <span class='ocrx_word' id='word_1_161' title='bbox 1221 2758 1274 2831; x_wconf 80' lang='grc' dir='ltr'><em>τὴν</em></span> <span class='ocrx_word' id='word_1_162' title='bbox 1292 2759 1427 2830; x_wconf 81' lang='grc' dir='ltr'><em>Σεμέλην</em></span> 
     </span>
     <span class='ocr_line' id='line_1_23' title="bbox 244 2844 1427 2924; baseline -0.001 -15.984"><span class='ocrx_word' id='word_1_163' title='bbox 244 2844 317 2922; x_wconf 81' lang='lat' dir='ltr'><em>‘&#39;va</em></span> <span class='ocrx_word' id='word_1_164' title='bbox 329 2852 465 2924; x_wconf 77' lang='grc' dir='ltr'><em>λέγεσθαι</em></span> <span class='ocrx_word' id='word_1_165' title='bbox 480 2856 528 2908; x_wconf 84' lang='grc' dir='ltr'><em>καί</em></span> <span class='ocrx_word' id='word_1_166' title='bbox 547 2849 596 2917; x_wconf 85' lang='grc' dir='ltr'><em>τὰς</em></span> <span class='ocrx_word' id='word_1_167' title='bbox 609 2872 660 2908; x_wconf 89' lang='grc' dir='ltr'><em>του</em></span> <span class='ocrx_word' id='word_1_168' title='bbox 647 2847 816 2908; x_wconf 84' lang='grc' dir='ltr'><em>Διονύσου</em></span> <span class='ocrx_word' id='word_1_169' title='bbox 828 2847 954 2923; x_wconf 84' lang='grc' dir='ltr'><em>τροφοὺς</em></span> <span class='ocrx_word' id='word_1_170' title='bbox 962 2845 1072 2915; x_wconf 77' lang='grc' dir='ltr'><em>Υοίδας.</em></span> <span class='ocrx_word' id='word_1_171' title='bbox 1089 2846 1290 2923; x_wconf 82' lang='grc' dir='ltr'><em>Αριστοφοίνης</em></span> <span class='ocrx_word' id='word_1_172' title='bbox 1307 2850 1352 2917; x_wconf 84' lang='lat' dir='ltr'><strong>(fr.</strong></span> <span class='ocrx_word' id='word_1_173' title='bbox 1362 2851 1427 2907; x_wconf 91' lang='grc'><strong>878.</strong></span> 
     </span>
     <span class='ocr_line' id='line_1_24' title="bbox 252 2931 1428 3012; baseline -0.002 -16"><span class='ocrx_word' id='word_1_174' title='bbox 252 2943 348 3007; x_wconf 84' lang='lat' dir='ltr'><strong>Kuck).</strong></span> <span class='ocrx_word' id='word_1_175' title='bbox 368 2939 574 3012; x_wconf 76' lang='grc' dir='ltr'><em>δὲσυγκαταλέ</em></span> <span class='ocrx_word' id='word_1_176' title='bbox 576 2960 620 3012; x_wconf 82' lang='grc' dir='ltr'><em>γει</em></span> <span class='ocrx_word' id='word_1_177' title='bbox 636 2946 759 3008; x_wconf 84' lang='grc' dir='ltr'><em>ξενικοῖς</em></span> <span class='ocrx_word' id='word_1_178' title='bbox 776 2945 858 3005; x_wconf 76' lang='grc' dir='ltr'><em>θεοῖς</em></span> <span class='ocrx_word' id='word_1_179' title='bbox 875 2937 926 2996; x_wconf 88' lang='grc' dir='ltr'><em>τὸν</em></span> <span class='ocrx_word' id='word_1_180' title='bbox 938 2931 1016 3010; x_wconf 60' lang='grc' dir='ltr'><em>τ’.ὶίην</em></span> <span class='ocrx_word' id='word_1_181' title='bbox 1036 2942 1106 2996; x_wconf 83' lang='lat' dir='ltr'><strong>Eud.</strong></span> <span class='ocrx_word' id='word_1_182' title='bbox 1124 2941 1169 2996; x_wconf 81' lang='lat' dir='ltr'><strong>Et.</strong></span> <span class='ocrx_word' id='word_1_183' title='bbox 1188 2940 1226 2996; x_wconf 72' lang='lat' dir='ltr'>M</span> <span class='ocrx_word' id='word_1_184' title='bbox 1240 2941 1301 3009; x_wconf 88' lang='grc'><strong>775,</strong></span> <span class='ocrx_word' id='word_1_185' title='bbox 1320 2940 1357 3007; x_wconf 91' lang='grc'><em>2.</em></span> <span class='ocrx_word' id='word_1_186' title='bbox 1377 2938 1428 3008; x_wconf 80' lang='lat' dir='ltr'><em>qui</em></span> 
     </span>
     <span class='ocr_line' id='line_1_25' title="bbox 253 3026 1427 3101; baseline 0 -18"><span class='ocrx_word' id='word_1_187' title='bbox 253 3031 303 3084; x_wconf 86' lang='lat' dir='ltr'><em>sub</em></span> <span class='ocrx_word' id='word_1_188' title='bbox 322 3031 368 3086; x_wconf 90' lang='lat' dir='ltr'><em>fin.</em></span> <span class='ocrx_word' id='word_1_189' title='bbox 382 3029 516 3085; x_wconf 77' lang='lat' dir='ltr'><strong>adicitz‘</strong></span> <span class='ocrx_word' id='word_1_190' title='bbox 500 3026 645 3101; x_wconf 88' lang='grc' dir='ltr'><em>ρητορική.</em></span> <span class='ocrx_word' id='word_1_191' title='bbox 666 3032 706 3086; x_wconf 84' lang='lat' dir='ltr'><strong>cf.</strong></span> <span class='ocrx_word' id='word_1_192' title='bbox 722 3034 752 3086; x_wconf 94' lang='grc' dir='ltr'><em>Β.</em></span> <span class='ocrx_word' id='word_1_193' title='bbox 768 3034 803 3086; x_wconf 92' lang='lat' dir='ltr'><em>A.</em></span> <span class='ocrx_word' id='word_1_194' title='bbox 822 3032 883 3098; x_wconf 84' lang='grc'><strong>297,</strong></span> <span class='ocrx_word' id='word_1_195' title='bbox 902 3031 945 3087; x_wconf 90' lang='grc'><em>25.</em></span> <span class='ocrx_word' id='word_1_196' title='bbox 965 3031 1090 3101; x_wconf 82' lang='lat' dir='ltr'><strong>Heyden.</strong></span> <span class='ocrx_word' id='word_1_197' title='bbox 1109 3046 1136 3100; x_wconf 88' lang='lat' dir='ltr'><em>p.</em></span> <span class='ocrx_word' id='word_1_198' title='bbox 1155 3031 1216 3085; x_wconf 86' lang='grc'><strong>237.</strong></span> <span class='ocrx_word' id='word_1_199' title='bbox 1234 3028 1292 3083; x_wconf 86' lang='lat' dir='ltr'><em>Vix</em></span> <span class='ocrx_word' id='word_1_200' title='bbox 1309 3028 1427 3084; x_wconf 86' lang='lat' dir='ltr'><strong>dubium</strong></span> 
     </span>
     <span class='ocr_line' id='line_1_26' title="bbox 253 3117 1426 3189; baseline -0.002 -15"><span class='ocrx_word' id='word_1_201' title='bbox 253 3128 308 3187; x_wconf 85' lang='lat' dir='ltr'><strong>est,</strong></span> <span class='ocrx_word' id='word_1_202' title='bbox 335 3121 401 3188; x_wconf 88' lang='lat' dir='ltr'><strong>quin</strong></span> <span class='ocrx_word' id='word_1_203' title='bbox 425 3124 484 3174; x_wconf 84' lang='lat' dir='ltr'><strong>tota</strong></span> <span class='ocrx_word' id='word_1_204' title='bbox 502 3121 595 3174; x_wconf 91' lang='lat' dir='ltr'><strong>Photii</strong></span> <span class='ocrx_word' id='word_1_205' title='bbox 613 3122 706 3189; x_wconf 82' lang='lat' dir='ltr'><strong>glossa</strong></span> <span class='ocrx_word' id='word_1_206' title='bbox 729 3120 861 3176; x_wconf 87' lang='lat' dir='ltr'><strong>atticistis</strong></span> <span class='ocrx_word' id='word_1_207' title='bbox 880 3120 1029 3175; x_wconf 86' lang='lat' dir='ltr'><strong>tribuenda</strong></span> <span class='ocrx_word' id='word_1_208' title='bbox 1051 3119 1096 3175; x_wconf 89' lang='lat' dir='ltr'><strong>sit.</strong></span> <span class='ocrx_word' id='word_1_209' title='bbox 1115 3149 1148 3159; x_wconf 92' lang='lat'><em>-·</em></span> <span class='ocrx_word' id='word_1_210' title='bbox 1168 3117 1277 3175; x_wconf 79' lang='lat' dir='ltr'><strong>Semele</strong></span> <span class='ocrx_word' id='word_1_211' title='bbox 1295 3118 1359 3187; x_wconf 89' lang='lat' dir='ltr'><em>Hye</em></span> <span class='ocrx_word' id='word_1_212' title='bbox 1380 3134 1426 3173; x_wconf 79' lang='lat' dir='ltr'><em>vo-</em></span> 
     </span>
     <span class='ocr_line' id='line_1_27' title="bbox 254 3209 566 3277; baseline 0 -15"><span class='ocrx_word' id='word_1_213' title='bbox 254 3217 333 3262; x_wconf 85' lang='lat' dir='ltr'><strong>eatur</strong></span> <span class='ocrx_word' id='word_1_214' title='bbox 351 3226 395 3277; x_wconf 87' lang='lat' dir='ltr'><strong>ap.</strong></span> <span class='ocrx_word' id='word_1_215' title='bbox 416 3209 480 3263; x_wconf 91' lang='lat' dir='ltr'><strong>Hes.</strong></span> <span class='ocrx_word' id='word_1_216' title='bbox 501 3225 522 3262; x_wconf 91' lang='lat' dir='ltr'><strong>s.</strong></span> <span class='ocrx_word' id='word_1_217' title='bbox 542 3225 566 3262; x_wconf 88' lang='lat' dir='ltr'><strong>v.</strong></span> 
     </span>
    </p>

    <p class='ocr_par' dir='ltr' id='par_1_9' title="bbox 342 3290 783 3369">
     <span class='ocr_line' id='line_1_28' title="bbox 342 3290 783 3369; baseline 0.002 -18"><span class='ocrx_word' id='word_1_218' title='bbox 342 3298 422 3364; x_wconf 69' lang='grc'><em>1101.</em></span> <span class='ocrx_word' id='word_1_219' title='bbox 442 3298 507 3352; x_wconf 83' lang='lat' dir='ltr'><strong>Hes.</strong></span> <span class='ocrx_word' id='word_1_220' title='bbox 523 3290 612 3361; x_wconf 82' lang='grc' dir='ltr'><em>Ὑεὺς.</em></span> <span class='ocrx_word' id='word_1_221' title='bbox 633 3293 783 3369; x_wconf 82' lang='grc' dir='ltr'><em>Σαβάζιος.</em></span> 
     </span>
    </p>

    <p class='ocr_par' dir='ltr' id='par_1_10' title="bbox 252 3386 1426 3546">
     <span class='ocr_line' id='line_1_29' title="bbox 296 3386 1426 3458; baseline 0.002 -18"><span class='ocrx_word' id='word_1_222' title='bbox 296 3387 358 3440; x_wconf 90' lang='grc'><strong>442.</strong></span> <span class='ocrx_word' id='word_1_223' title='bbox 377 3388 493 3442; x_wconf 84' lang='lat' dir='ltr'>Fontem</span> <span class='ocrx_word' id='word_1_224' title='bbox 512 3388 597 3441; x_wconf 89' lang='lat' dir='ltr'><strong>totius</strong></span> <span class='ocrx_word' id='word_1_225' title='bbox 616 3387 813 3457; x_wconf 84' lang='lat' dir='ltr'><strong>explicationis</strong></span> <span class='ocrx_word' id='word_1_226' title='bbox 832 3389 1097 3458; x_wconf 83' lang='lat' dir='ltr'><strong>Aristophanem</strong></span> <span class='ocrx_word' id='word_1_227' title='bbox 1115 3386 1318 3457; x_wconf 73' lang='lat' dir='ltr'><strong>Byzantium</strong></span> <span class='ocrx_word' id='word_1_228' title='bbox 1335 3386 1426 3442; x_wconf 86' lang='lat' dir='ltr'><strong>habe·</strong></span> 
     </span>
     <span class='ocr_line' id='line_1_30' title="bbox 252 3475 575 3546; baseline 0.003 -17"><span class='ocrx_word' id='word_1_229' title='bbox 252 3492 320 3543; x_wconf 87' lang='lat' dir='ltr'><strong>mus,</strong></span> <span class='ocrx_word' id='word_1_230' title='bbox 340 3475 375 3530; x_wconf 90' lang='lat' dir='ltr'><strong>uf.</strong></span> <span class='ocrx_word' id='word_1_231' title='bbox 395 3477 466 3531; x_wconf 86' lang='lat' dir='ltr'><strong>Prol.</strong></span> <span class='ocrx_word' id='word_1_232' title='bbox 486 3495 512 3546; x_wconf 94' lang='lat' dir='ltr'><em>p.</em></span> <span class='ocrx_word' id='word_1_233' title='bbox 532 3477 575 3531; x_wconf 83' lang='lat'><strong>49.</strong></span> 
     </span>
    </p>

    <p class='ocr_par' dir='ltr' id='par_1_11' title="bbox 250 3562 1426 4441">
     <span class='ocr_line' id='line_1_31' title="bbox 340 3562 1425 3637; baseline 0 -18"><span class='ocrx_word' id='word_1_234' title='bbox 340 3568 361 3632; x_wconf 86' lang='grc'><em>1)</em></span> <span class='ocrx_word' id='word_1_235' title='bbox 380 3566 501 3634; x_wconf 87' lang='lat' dir='ltr'><strong>Utraque</strong></span> <span class='ocrx_word' id='word_1_236' title='bbox 525 3567 615 3636; x_wconf 81' lang='lat' dir='ltr'><strong>glossa</strong></span> <span class='ocrx_word' id='word_1_237' title='bbox 644 3567 704 3632; x_wconf 88' lang='lat' dir='ltr'><strong>(sed</strong></span> <span class='ocrx_word' id='word_1_238' title='bbox 727 3565 816 3620; x_wconf 86' lang='lat' dir='ltr'><strong>forma</strong></span> <span class='ocrx_word' id='word_1_239' title='bbox 839 3562 930 3637; x_wconf 78' lang='grc' dir='ltr'><em>φερνὴ</em></span> <span class='ocrx_word' id='word_1_240' title='bbox 955 3567 1074 3634; x_wconf 83' lang='lat' dir='ltr'><strong>servata)</strong></span> <span class='ocrx_word' id='word_1_241' title='bbox 1098 3582 1140 3635; x_wconf 88' lang='lat' dir='ltr'><strong>ap.</strong></span> <span class='ocrx_word' id='word_1_242' title='bbox 1164 3567 1290 3620; x_wconf 83' lang='lat' dir='ltr'><strong>Ammon.</strong></span> <span class='ocrx_word' id='word_1_243' title='bbox 1314 3580 1341 3634; x_wconf 89' lang='lat' dir='ltr'><strong>p.</strong></span> <span class='ocrx_word' id='word_1_244' title='bbox 1363 3564 1425 3619; x_wconf 80' lang='lat'><strong>144.</strong></span> 
     </span>
     <span class='ocr_line' id='line_1_32' title="bbox 252 3649 1426 3726; baseline 0 -18"><span class='ocrx_word' id='word_1_245' title='bbox 252 3651 341 3724; x_wconf 72' lang='grc' dir='ltr'><em>φερνη</em></span> <span class='ocrx_word' id='word_1_246' title='bbox 361 3653 415 3722; x_wconf 76' lang='grc' dir='ltr'><em>μὲν</em></span> <span class='ocrx_word' id='word_1_247' title='bbox 434 3649 449 3723; x_wconf 78' lang='grc' dir='ltr'><em>ἦ</em></span> <span class='ocrx_word' id='word_1_248' title='bbox 470 3655 562 3726; x_wconf 84' lang='grc' dir='ltr'><em>προίξ.</em></span> <span class='ocrx_word' id='word_1_249' title='bbox 583 3652 698 3725; x_wconf 79' lang='grc' dir='ltr'><em>φὲρνιον</em></span> <span class='ocrx_word' id='word_1_250' title='bbox 718 3651 799 3710; x_wconf 78' lang='grc' dir='ltr'><em>δὲτὸ</em></span> <span class='ocrx_word' id='word_1_251' title='bbox 819 3649 981 3711; x_wconf 80' lang='grc' dir='ltr'><em>ἁλιευτικὸν</em></span> <span class='ocrx_word' id='word_1_252' title='bbox 1004 3656 1158 3725; x_wconf 84' lang='grc' dir='ltr'><em>σπυρίδιον.</em></span> <span class='ocrx_word' id='word_1_253' title='bbox 1197 3653 1426 3723; x_wconf 76' lang='lat' dir='ltr'><strong>Lexioographus</strong></span> 
     </span>
     <span class='ocr_line' id='line_1_33' title="bbox 251 3735 1426 3816; baseline 0 -20"><span class='ocrx_word' id='word_1_254' title='bbox 251 3744 324 3797; x_wconf 85' lang='lat' dir='ltr'><strong>redit</strong></span> <span class='ocrx_word' id='word_1_255' title='bbox 342 3760 384 3812; x_wconf 84' lang='lat' dir='ltr'><strong>ap.</strong></span> <span class='ocrx_word' id='word_1_256' title='bbox 404 3745 531 3799; x_wconf 86' lang='lat' dir='ltr'><strong>Eustath.</strong></span> <span class='ocrx_word' id='word_1_257' title='bbox 551 3762 577 3813; x_wconf 91' lang='lat' dir='ltr'><strong>p.</strong></span> <span class='ocrx_word' id='word_1_258' title='bbox 599 3745 680 3812; x_wconf 87' lang='lat'><strong>1488,</strong></span> <span class='ocrx_word' id='word_1_259' title='bbox 700 3745 742 3798; x_wconf 93' lang='lat'><strong>44.</strong></span> <span class='ocrx_word' id='word_1_260' title='bbox 767 3747 815 3798; x_wconf 87' lang='grc' dir='ltr'><em>καί</em></span> <span class='ocrx_word' id='word_1_261' title='bbox 834 3741 924 3816; x_wconf 81' lang='grc' dir='ltr'><em>φερνῆ</em></span> <span class='ocrx_word' id='word_1_262' title='bbox 944 3737 960 3814; x_wconf 78' lang='grc' dir='ltr'><em>ἢ</em></span> <span class='ocrx_word' id='word_1_263' title='bbox 981 3749 1078 3816; x_wconf 83' lang='grc' dir='ltr'><em>προῖξ,</em></span> <span class='ocrx_word' id='word_1_264' title='bbox 1102 3735 1139 3813; x_wconf 72' lang='grc' dir='ltr'><em>ἣν</em></span> <span class='ocrx_word' id='word_1_265' title='bbox 1157 3745 1206 3798; x_wconf 88' lang='grc' dir='ltr'><em>καί</em></span> <span class='ocrx_word' id='word_1_266' title='bbox 1225 3739 1358 3813; x_wconf 84' lang='grc' dir='ltr'><em>φίρνην</em></span> <span class='ocrx_word' id='word_1_267' title='bbox 1376 3760 1426 3797; x_wconf 87' lang='grc' dir='ltr'><em>τι·</em></span> 
     </span>
     <span class='ocr_line' id='line_1_34' title="bbox 251 3824 1426 3905; baseline -0.001 -19"><span class='ocrx_word' id='word_1_268' title='bbox 251 3830 306 3896; x_wconf 77' lang='grc' dir='ltr'><em>νίς</em></span> <span class='ocrx_word' id='word_1_269' title='bbox 325 3850 408 3901; x_wconf 83' lang='grc' dir='ltr'><em>φασι</em></span> <span class='ocrx_word' id='word_1_270' title='bbox 427 3828 599 3905; x_wconf 73' lang='grc' dir='ltr'><em>Ιθαρυτόνιυς.</em></span> <span class='ocrx_word' id='word_1_271' title='bbox 628 3835 706 3888; x_wconf 83' lang='grc' dir='ltr'><strong>Ρ501.</strong></span> <span class='ocrx_word' id='word_1_272' title='bbox 727 3831 841 3905; x_wconf 79' lang='grc' dir='ltr'><em>φίρνην.</em></span> <span class='ocrx_word' id='word_1_273' title='bbox 866 3831 917 3903; x_wconf 76' lang='grc' dir='ltr'><em>τὴν</em></span> <span class='ocrx_word' id='word_1_274' title='bbox 941 3841 1048 3905; x_wconf 83' lang='grc' dir='ltr'><em>προῖκα</em></span> <span class='ocrx_word' id='word_1_275' title='bbox 1070 3836 1119 3889; x_wconf 89' lang='grc' dir='ltr'><em>καί</em></span> <span class='ocrx_word' id='word_1_276' title='bbox 1140 3830 1273 3903; x_wconf 84' lang='grc' dir='ltr'><em>Αἰσχίνης</em></span> <span class='ocrx_word' id='word_1_277' title='bbox 1291 3824 1307 3886; x_wconf 83' lang='grc' dir='ltr'><strong>ὁ</strong></span> <span class='ocrx_word' id='word_1_278' title='bbox 1327 3825 1426 3903; x_wconf 78' lang='grc' dir='ltr'><em>ῥήτωρ</em></span> 
     </span>
     <span class='ocr_line' id='line_1_35' title="bbox 251 3920 1425 3993; baseline 0.003 -20"><span class='ocrx_word' id='word_1_279' title='bbox 251 3923 300 3974; x_wconf 84' lang='grc' dir='ltr'><em>καί</em></span> <span class='ocrx_word' id='word_1_280' title='bbox 320 3920 488 3992; x_wconf 82' lang='grc' dir='ltr'><em>Μένανδρος</em></span> <span class='ocrx_word' id='word_1_281' title='bbox 512 3923 554 3991; x_wconf 78' lang='lat' dir='ltr'><strong>(fr.</strong></span> <span class='ocrx_word' id='word_1_282' title='bbox 575 3925 652 3978; x_wconf 88' lang='lat'><strong>1080.</strong></span> <span class='ocrx_word' id='word_1_283' title='bbox 672 3923 768 3984; x_wconf 84' lang='lat' dir='ltr'><strong>Kock).</strong></span> <span class='ocrx_word' id='word_1_284' title='bbox 797 3924 903 3978; x_wconf 87' lang='lat' dir='ltr'><strong>Eadem</strong></span> <span class='ocrx_word' id='word_1_285' title='bbox 927 3924 1031 3993; x_wconf 81' lang='lat' dir='ltr'>glossa,</span> <span class='ocrx_word' id='word_1_286' title='bbox 1057 3924 1105 3978; x_wconf 89' lang='lat' dir='ltr'><em>sed</em></span> <span class='ocrx_word' id='word_1_287' title='bbox 1129 3930 1247 3978; x_wconf 84' lang='lat' dir='ltr'><strong>accentu</strong></span> <span class='ocrx_word' id='word_1_288' title='bbox 1270 3921 1301 3977; x_wconf 91' lang='lat' dir='ltr'><em>in</em></span> <span class='ocrx_word' id='word_1_289' title='bbox 1324 3921 1425 3977; x_wconf 83' lang='lat' dir='ltr'><strong>ultima</strong></span> 
     </span>
     <span class='ocr_line' id='line_1_36' title="bbox 250 4010 1424 4082; baseline 0.002 -19"><span class='ocrx_word' id='word_1_290' title='bbox 250 4010 348 4078; x_wconf 88' lang='lat' dir='ltr'><strong>posito,</strong></span> <span class='ocrx_word' id='word_1_291' title='bbox 367 4012 411 4064; x_wconf 86' lang='lat' dir='ltr'><strong>Et.</strong></span> <span class='ocrx_word' id='word_1_292' title='bbox 425 4013 461 4066; x_wconf 87' lang='lat' dir='ltr'><em>M.</em></span> <span class='ocrx_word' id='word_1_293' title='bbox 483 4013 542 4078; x_wconf 87' lang='grc'><strong>790,</strong></span> <span class='ocrx_word' id='word_1_294' title='bbox 562 4013 605 4067; x_wconf 88' lang='grc'><em>49.</em></span> <span class='ocrx_word' id='word_1_295' title='bbox 625 4013 714 4067; x_wconf 87' lang='lat' dir='ltr'><strong>Schol.</strong></span> <span class='ocrx_word' id='word_1_296' title='bbox 734 4013 873 4068; x_wconf 81' lang='lat' dir='ltr'><strong>Plutarch.</strong></span> <span class='ocrx_word' id='word_1_297' title='bbox 893 4030 937 4082; x_wconf 85' lang='lat' dir='ltr'><strong>ap.</strong></span> <span class='ocrx_word' id='word_1_298' title='bbox 951 4014 989 4068; x_wconf 92' lang='lat' dir='ltr'><em>M.</em></span> <span class='ocrx_word' id='word_1_299' title='bbox 1004 4014 1086 4082; x_wconf 89' lang='lat' dir='ltr'><strong>Treu‚</strong></span> <span class='ocrx_word' id='word_1_300' title='bbox 1104 4013 1201 4082; x_wconf 82' lang='lat' dir='ltr'><strong>Progr.</strong></span> <span class='ocrx_word' id='word_1_301' title='bbox 1214 4013 1328 4068; x_wconf 83' lang='lat' dir='ltr'><strong>Jourav.</strong></span> <span class='ocrx_word' id='word_1_302' title='bbox 1343 4010 1424 4066; x_wconf 91' lang='grc'><strong>1871.</strong></span> 
     </span>
     <span class='ocr_line' id='line_1_37' title="bbox 251 4098 1423 4172; baseline 0 -20"><span class='ocrx_word' id='word_1_303' title='bbox 251 4098 398 4154; x_wconf 88' lang='lat' dir='ltr'><strong>Simillima</strong></span> <span class='ocrx_word' id='word_1_304' title='bbox 420 4101 488 4155; x_wconf 91' lang='lat' dir='ltr'><strong>Poll.</strong></span> <span class='ocrx_word' id='word_1_305' title='bbox 512 4103 561 4155; x_wconf 88' lang='lat' dir='ltr'><strong>III.</strong></span> <span class='ocrx_word' id='word_1_306' title='bbox 581 4103 622 4156; x_wconf 85' lang='lat'><em>35.</em></span> <span class='ocrx_word' id='word_1_307' title='bbox 652 4103 808 4172; x_wconf 86' lang='lat' dir='ltr'><strong>Berytonon</strong></span> <span class='ocrx_word' id='word_1_308' title='bbox 833 4109 945 4156; x_wconf 85' lang='lat' dir='ltr'><strong>servunt</strong></span> <span class='ocrx_word' id='word_1_309' title='bbox 968 4104 1047 4158; x_wconf 88' lang='lat' dir='ltr'><strong>Phot.</strong></span> <span class='ocrx_word' id='word_1_310' title='bbox 1071 4103 1144 4172; x_wconf 65' lang='grc'><em>312</em></span> <span class='ocrx_word' id='word_1_311' title='bbox 1168 4106 1211 4168; x_wconf 86' lang='lat'><em>(=</em></span> <span class='ocrx_word' id='word_1_312' title='bbox 1230 4100 1306 4156; x_wconf 84' lang='lat' dir='ltr'><strong>Suid.</strong></span> <span class='ocrx_word' id='word_1_313' title='bbox 1329 4099 1368 4170; x_wconf 78' lang='lat' dir='ltr'><strong>gl.</strong></span> <span class='ocrx_word' id='word_1_314' title='bbox 1389 4101 1423 4166; x_wconf 88' lang='lat'><strong>1).</strong></span> 
     </span>
     <span class='ocr_line' id='line_1_38' title="bbox 250 4186 1422 4261; baseline 0.003 -22"><span class='ocrx_word' id='word_1_315' title='bbox 250 4186 296 4241; x_wconf 87' lang='lat' dir='ltr'><strong>Et.</strong></span> <span class='ocrx_word' id='word_1_316' title='bbox 316 4187 385 4242; x_wconf 86' lang='lat' dir='ltr'><strong>Gud.</strong></span> <span class='ocrx_word' id='word_1_317' title='bbox 406 4191 466 4255; x_wconf 83' lang='lat'>551,</span> <span class='ocrx_word' id='word_1_318' title='bbox 487 4192 511 4245; x_wconf 86' lang='lat'><strong>6.</strong></span> <span class='ocrx_word' id='word_1_319' title='bbox 540 4189 632 4244; x_wconf 88' lang='lat' dir='ltr'><strong>Orion.</strong></span> <span class='ocrx_word' id='word_1_320' title='bbox 652 4192 713 4253; x_wconf 90' lang='grc'><strong>110,</strong></span> <span class='ocrx_word' id='word_1_321' title='bbox 734 4193 776 4245; x_wconf 87' lang='grc'><em>11.</em></span> <span class='ocrx_word' id='word_1_322' title='bbox 794 4221 830 4230; x_wconf 89' lang='lat'><em>—-</em></span> <span class='ocrx_word' id='word_1_323' title='bbox 848 4193 999 4246; x_wconf 87' lang='lat' dir='ltr'><strong>Herodian.</strong></span> <span class='ocrx_word' id='word_1_324' title='bbox 1020 4194 1054 4247; x_wconf 93' lang='lat' dir='ltr'><strong>II.</strong></span> <span class='ocrx_word' id='word_1_325' title='bbox 1074 4193 1135 4260; x_wconf 88' lang='grc'><strong>939,</strong></span> <span class='ocrx_word' id='word_1_326' title='bbox 1155 4193 1171 4247; x_wconf 91' lang='grc'><strong>9</strong></span> <span class='ocrx_word' id='word_1_327' title='bbox 1190 4189 1236 4261; x_wconf 87' lang='lat' dir='ltr'><strong>(of.</strong></span> <span class='ocrx_word' id='word_1_328' title='bbox 1256 4191 1277 4245; x_wconf 94' lang='lat' dir='ltr'><strong>I.</strong></span> <span class='ocrx_word' id='word_1_329' title='bbox 1297 4189 1360 4254; x_wconf 84' lang='grc'><strong>327,</strong></span> <span class='ocrx_word' id='word_1_330' title='bbox 1380 4188 1422 4243; x_wconf 79' lang='grc'><em>33.</em></span> 
     </span>
     <span class='ocr_line' id='line_1_39' title="bbox 250 4275 1422 4351; baseline 0.003 -24"><span class='ocrx_word' id='word_1_331' title='bbox 250 4275 430 4345; x_wconf 84' lang='grc' dir='ltr'><strong>ΙΙ.227,10).</strong></span> <span class='ocrx_word' id='word_1_332' title='bbox 450 4283 586 4349; x_wconf 85' lang='lat' dir='ltr'><strong>oxytonon</strong></span> <span class='ocrx_word' id='word_1_333' title='bbox 606 4279 820 4348; x_wconf 88' lang='lat' dir='ltr'><strong>praeferendum</strong></span> <span class='ocrx_word' id='word_1_334' title='bbox 839 4298 900 4336; x_wconf 88' lang='lat' dir='ltr'><strong>esse</strong></span> <span class='ocrx_word' id='word_1_335' title='bbox 919 4281 1037 4351; x_wconf 83' lang='lat' dir='ltr'><strong>putavit.</strong></span> <span class='ocrx_word' id='word_1_336' title='bbox 1065 4282 1109 4335; x_wconf 88' lang='lat' dir='ltr'><em>Ita</em></span> <span class='ocrx_word' id='word_1_337' title='bbox 1127 4281 1182 4336; x_wconf 90' lang='lat' dir='ltr'><em>iam</em></span> <span class='ocrx_word' id='word_1_338' title='bbox 1201 4279 1276 4349; x_wconf 84' lang='lat' dir='ltr'><strong>apud</strong></span> <span class='ocrx_word' id='word_1_339' title='bbox 1293 4279 1342 4333; x_wconf 83' lang='lat' dir='ltr'><strong>Ar.</strong></span> <span class='ocrx_word' id='word_1_340' title='bbox 1356 4278 1422 4348; x_wconf 72' lang='lat' dir='ltr'><strong>Byr.</strong></span> 
     </span>
     <span class='ocr_line' id='line_1_40' title="bbox 250 4364 1423 4441; baseline 0.003 -25"><span class='ocrx_word' id='word_1_341' title='bbox 250 4364 279 4416; x_wconf 88' lang='lat' dir='ltr'><em>in</em></span> <span class='ocrx_word' id='word_1_342' title='bbox 298 4365 367 4420; x_wconf 86' lang='lat' dir='ltr'><strong>Mill.</strong></span> <span class='ocrx_word' id='word_1_343' title='bbox 383 4368 447 4422; x_wconf 78' lang='lat' dir='ltr'><strong>Mel.</strong></span> <span class='ocrx_word' id='word_1_344' title='bbox 467 4386 493 4436; x_wconf 93' lang='lat' dir='ltr'><em>p.</em></span> <span class='ocrx_word' id='word_1_345' title='bbox 510 4370 571 4423; x_wconf 88' lang='grc'><strong>427.</strong></span> <span class='ocrx_word' id='word_1_346' title='bbox 592 4368 730 4422; x_wconf 86' lang='lat' dir='ltr'><strong>scribitur.</strong></span> <span class='ocrx_word' id='word_1_347' title='bbox 751 4365 854 4439; x_wconf 80' lang='grc' dir='ltr'><em>φερνὴ·</em></span> <span class='ocrx_word' id='word_1_348' title='bbox 875 4364 1000 4441; x_wconf 76' lang='grc' dir='ltr'><em>ἡπροίξ.</em></span> <span class='ocrx_word' id='word_1_349' title='bbox 1030 4371 1160 4426; x_wconf 82' lang='lat' dir='ltr'><em>Fortasse</em></span> <span class='ocrx_word' id='word_1_350' title='bbox 1179 4370 1276 4425; x_wconf 84' lang='lat' dir='ltr'><strong>eadem</strong></span> <span class='ocrx_word' id='word_1_351' title='bbox 1296 4366 1423 4422; x_wconf 78' lang='lat' dir='ltr'><strong>doctriua</strong></span> 
     </span>
    </p>
   </div>
   <div class='ocr_carea' id='block_1_8' title="bbox 0 0 1504 5040">
    <p class='ocr_par' dir='ltr' id='par_1_12' title="bbox 0 0 1504 5040">
     <span class='ocr_line' id='line_1_41' title="bbox 0 0 1504 5040; baseline 0 2"><span class='ocrx_word' id='word_1_352' title='bbox 0 0 1504 5040; x_wconf 95' lang='lat' dir='ltr'><em> </em></span> 
     </span>
    </p>
   </div>
  </div>
 </body>
</html>
