3000 5040
724 252 785 316 171

165 405 209 482 τό
236 409 370 482 θάλλον
392 403 486 479 καθὰ
513 413 570 476 καί
597 403 637 477 τό
662 407 777 487 θάλος.
811 410 922 478 ἐθέλει
950 411 986 477 όὲ
1014 406 1100 495 ἔχειν
1127 406 1337 497 προσθήκην.

165 514 221 588 διὸ
254 512 340 587 κατὰ
367 518 510 585 Αἴλιον
537 514 753 584 Διονύσιον
781 519 1025 603 προστιθέασιν
1054 515 1153 595 ἐλάας
1180 512 1201 605 ἢ
1234 512 1338 583 ἄλλου

164 624 268 706 τινός.
292 630 350 693 καὶ
371 621 663 710 θαλλοφόροιῖ)
688 625 726 692 δέ
742 648 831 703 τινες
849 613 933 711 ἦσαν
953 624 989 690 έν
1003 618 1164 711 Ἀθήναις.
1189 631 1338 690 τοιοῦτοι

166 735 204 801 δὲ
228 731 265 800 ἔν
288 750 375 800 τισιν
400 729 530 818 ἑορταῖς
553 728 586 797 oi
608 734 805 817 γεραίτατοι.

257 841 329 907 201.
362 839 534 913 Eustath.
552 863 581 924 p.
601 839 680 915 298,
700 840 729 903 2.
762 838 874 904 ἰστέον
910 839 945 903 δὲ
977 841 1034 903 καὶ
1061 829 1114 904 ότι
1136 832 1262 922 Ἆμυρίς
1289 861 1338 915 τις
1365 859 1378 898 5

165 941 303 1036 εῧρηται
326 948 399 1031 όίχα
422 952 532 1012 τοῦθ
557 945 594 1011 έν
616 958 703 1023 ταῖς
725 953 805 1010 τῶν
827 951 1054 1031 παροιμιῶν
1077 938 1338 1029 όναγραφαῖς,

166 1056 233 1122 εἴτε
254 1046 415 1139 μουσικός
438 1051 504 1118 εἴτε
527 1054 584 1118 καὶ
603 1047 762 1137 ἑτεροῖος·
783 1045 836 1118 όιό
855 1055 912 1118 καὶ
932 1051 968 1117 έν
987 1058 1028 1135 τῇ
1045 1054 1207 1139 παροιμίᾳ
1225 1059 1266 1134 τῇ
1288 1056 1337 1117 λε-

165 1159 270 1247 γούση
293 1155 496 1244 ,,θόμυρις
518 1161 728 1242 μαίνεται“
751 1159 840 1237 τινες
856 1153 987 1245 ’Άμυριν
1007 1156 1156 1244 ἐ’γραφαν
1181 1160 1253 1240 δίχα
1277 1166 1339 1224 τοῦ

165 1269 203 1336 ἐν
232 1259 345 1352 όρχαῖς
375 1271 411 1347 θ,
439 1268 516 1351 περὶ
545 1254 586 1331 οὗ
616 1268 845 1344 Παυσανίας
873 1266 914 1332 έν
937 1273 991 1351 τῷ
1014 1258 1113 1330 κατὰ
1138 1277 1338 1349 στοιχεῖον

166 1373 365 1462 ῥητορικῷ
386 1365 509 1438 αὐτοῦ
528 1372 706 1459 λεξικῴῑ)
730 1370 864 1457 ἱστορεῖ,
884 1365 936 1438 ότι
955 1364 1089 1458 θεωρός
1107 1363 1173 1438 ὑπὸ
1193 1375 1338 1457 Συβαρι-
1353 1392 1379 1432 ro

165 1490 236 1549 τῶν
255 1482 425 1565 πεμφθεὶς
446 1478 492 1557 εἰς
510 1471 661 1562 Δελφοὺς
677 1481 756 1564 περὶ
775 1471 986 1564 εὐδαιμονίας
1005 1481 1061 1544 καὶ
1079 1487 1141 1543 τοῦ
1159 1485 1245 1545 θεοῦ
1261 1475 1337 1565 χρή-

161 1607 288 1667 σαντος
311 1579 484 1653 όποόλειαν
501 1588 713 1671 Συβαρίταις,
733 1577 816 1652 όταν
835 1578 1043 1671 ἀνθρώπους
1067 1592 1161 1652 θεῶν
1178 1583 1337 1672 προτιμή-

167 1713 281 1777 σοοσιν,
304 1686 390 1760 loo»
413 1693 536 1758 δοῦλον
559 1688 826 1777 μαστιγούμενον
845 1695 902 1757 καὶ
921 1691 968 1768 είς
987 1685 1078 1776 ἱερὸν
1097 1688 1338 1777 προσφυγόντα

166 1805 223 1868 καὶ
254 1794 298 1888 μὴ
330 1795 583 1883 ἀπολυόμενον,
615 1791 757 1884 ὕστερον
791 1800 826 1864 di
859 1799 905 1877 εἰς
936 1791 976 1864 τό
1009 1807 1070 1864 τοῦ
1097 1806 1339 1883 μαστιγοῦντας

166 1900 295 1994 πατρός
316 1915 427 1994 μνῆμα
446 1902 686 1991 καταφυγόντα
704 1907 761 1970 καί
781 1899 1010 1986 α’πσλυθέντα,
1035 1909 1146 1983 συνεὶς
1164 1898 1203 1971 τὸ
1222 1901 1338 1990 λόγιον
1353 1931 1378 1972 15

166 2017 224 2081 καὶ
247 2010 543 2100 ἐξαργυρισάμενος
565 2005 607 2079 τὰ
631 2012 698 2078 ίόια
722 2005 878 2100 ἀπῆλθεν
906 2012 952 2090 είς
975 2011 1247 2099 Πελοπόννησον.
1282 2015 1339 2078 καὶ

166 2125 352 2206 Συβαρῖται
382 2119 458 2204 μὲν,
491 2110 509 2186 ό
542 2125 689 2206 λογισμῷ
716 2122 918 2206 πεποίηκεν,
947 2119 993 2197 εἰς
1019 2122 1144 2204 μανίαν
1172 2119 1339 2201 ἐδέξαντο,

166 2227 390 2312 ἐπιλέγοντες·
426 2220 554 2312 Ἄμυρις
575 2229 742 2311 μαίνεται·
767 2218 785 2293 ὃ
807 2227 842 2293 δέ
865 2234 915 2313 τῷ
936 2223 1049 2312 χρόνῳ
1074 2218 1129 2292 όιὰ
1151 2218 1213 2312 τὴν
1235 2242 1338 2311 προσ-

165 2336 310 2421 ποίητον
332 2335 456 2418 μανίαν
479 2329 691 2419 ἐθαυμάσθη.

257 2441 331 2505 202.
362 2440 533 2504 Euatath.
556 2462 586 2522 p.
608 2440 707 2514 1699,
731 2439 783 2504 35.
815 2446 878 2504 τοῦ
906 2439 942 2504 (ii
969 2425 1181 2523 θεμιστεύειν
1207 2434 1380 2524 προοτό-νο

167 2568 277 2612 τυπον
304 2537 343 2611 τό
372 2545 537 2628 θεμίσσοο,
565 2544 601 2626 ἐξ
623 2533 665 2610 οὗ
692 2546 750 2609 καί
775 2538 867 2631 παρὰ
896 2546 1103 2633 Παυσανίη
1129 2537 1169 2610 τὸ
1198 2551 1337 2629 θεμισ-

168 2652 315 2736 σέτεοῙ),
337 2650 492 2717 τουτέστι
514 2653 757 2735 νομοθετείτοο,
782 2652 956 2734 δικαζέτω·
981 2653 1037 2716 καὶ
1060 2644 1080 2738 η
1104 2651 1208 2735 θέμις.

256 2758 330 2822 203.
367 2757 539 2822 Eustath.
564 2781 593 2841 p.
619 2758 697 2834 258,
722 2759 774 2824 26.
812 2751 874 2845 τὴν
908 2758 944 2824 δὲ
975 2749 1151 2845 βασιλικὴν
1177 2754 1339 2844 θειότητα

168 2865 265 2950 όηλοῖ
285 2865 342 2928 καὶ
364 2855 404 2928 τό
427 2855 547 2943 ,θεός
570 2855 704 2944 θεόςίί,
728 2855 747 2930 ό
771 2858 856 2929 κατὰ
875 2867 1108 2930 Παυσανίαν
1131 2877 1203 2942 ταῖς
1227 2856 1341 2950 όρχαῖς

167 2967 200 3036 οἱ
226 2971 367 3036 παλαιοὶ
394 2968 568 3055 ἐπέλεγον,
601 2967 922 3058 έπιφημιζόμενοιῑ).
966 2971 1103 3049 Α’ίλιος
1132 2971 1172 3037 δὲ
1200 2967 1379 3038 Διονύ-νο

258 3219 278 3282 ⁹)
297 3215 480 3290 θαλλοφόρος
507 3219 581 3275 vocis
610 3220 699 3274 altera
727 3219 894 3288 significatio
922 3221 968 3290 (ex
992 3222 1076 3275 Arist.
1095 3222 1179 3290 Vesp.
1200 3221 1260 3276 544.
1279 3222 1339 3276 ioco

168 3310 238 3372 orta)
261 3306 391 3361 attioietis
415 3324 451 3363 an
473 3314 539 3362 nota
562 3308 660 3375 fuerit,
685 3308 812 3363 dubitare
836 3308 912 3376 licet,
936 3310 1009 3378 quod
1032 3311 1110 3364 Phot.
1134 3311 1254 3379 priorem
1278 3317 1338 3364 tan·
1385 3378 1390 3386 ὁ

167 3399 226 3449 tum
249 3395 363 3464 profert.
397 3396 549 3451 Coniuncta
572 3413 636 3451 voro
660 3401 776 3464 utraque
800 3404 918 3467 apparot
942 3414 985 3467 ap.
1005 3399 1071 3452 Hes.
1090 3400 1135 3453 Et.
1155 3401 1191 3453 M.
1211 3400 1276 3466 441,
1296 3401 1338 3454 51.

166 3485 279 3547 Altera,
299 3500 369 3553 quae
388 3485 518 3540 Suetonio
537 3485 565 3555 (i.
586 3501 610 3539 e.
625 3488 674 3539 Ar.
687 3487 763 3554 Byz.)
783 3487 907 3551 debetur,
927 3502 972 3555 op.
992 3488 1064 3540 Mill.
1084 3489 1148 3542 Mol.
1168 3490 1229 3543 423.
1249 3488 1338 3544 Schol.

167 3575 214 3627 Ar.
229 3573 314 3642 Veep.
329 3574 388 3628 544.
408 3567 609 3644 (ὑπομνήματα
628 3574 669 3628 ibi
688 3576 803 3629 laudata
820 3600 854 3618 =
869 3575 983 3629 Homeri
1002 3576 1107 3630 scholia
1127 3593 1186 3631 esse
1206 3579 1339 3646 suspicor)

168 3691 200 3700 -
220 3655 328 3725 θαλλὸς
347 3658 442 3726 ἐλαίας
461 3662 495 3718 of.
515 3663 593 3718 Phot.
613 3664 680 3718 Hos.
699 3663 774 3718 Suid.
793 3663 862 3718 Lex.
881 3665 993 3718 Baohm.
1013 3666 1074 3729 253,
1093 3666 1136 3720 26.
1155 3666 1199 3720 Et.
1220 3666 1257 3721 M.
1277 3668 1338 3734 441,

167 3749 209 3804 47.
229 3749 299 3803 Tim.
315 3750 369 3804 lex.
388 3751 460 3806 Plat.

211 3839 272 3892 201.
292 3838 314 3907 ¹)
333 3839 499 3894 Pausaniam
522 3839 608 3910 igitur
627 3832 735 3912 Ἄμορις
761 3841 876 3896 formam
906 3841 1047 3895 meliorem
1071 3847 1184 3911 putasse
1212 3850 1337 3913 apparet.

169 3926 250 3982 Conv.
269 3927 354 3993 Soio,
378 3929 497 3998 scriptor
516 3932 575 3984 cod.
595 3930 706 3985 Coislin.
736 3931 851 3999 Diogen.
871 3932 920 3984 III.
940 3933 995 3994 26.,
1016 3932 1138 3999 Apostol.
1158 3934 1193 3986 II.
1214 3935 1255 3988 60.
1280 3935 1339 4003 (ubi

169 4016 289 4086 corrigas
309 4011 525 4085 ἀπολλύμενον).
546 4051 580 4058 -
599 4019 703 4074 Similis
722 4019 783 4075 fons
802 4020 856 4074 fuit
874 4021 1014 4075 Athenaei
1033 4021 1095 4074 XII.
1111 4021 1208 4076 520.E.
1230 4021 1264 4077 of.
1284 4024 1339 4078 Ηυ-

168 4107 231 4173 top,
251 4106 285 4159 do
303 4105 432 4162 Eustath.
452 4124 527 4176 prov.
547 4125 574 4176 p.
594 4109 654 4164 257.
674 4110 735 4164 287.

211 4194 270 4248 202.
292 4196 311 4262 ¹)
331 4194 436 4250 Eadem
454 4196 610 4251 Pausaniae
628 4198 740 4253 nomine
759 4198 854 4253 addito
872 4215 898 4268 p.
913 4199 973 4264 735,
993 4199 1035 4253 55.
1055 4204 1084 4253 et
1102 4199 1202 4254 omisso
1221 4201 1281 4267 993,
1296 4201 1337 4256 14.

170 4280 249 4336 Oonv.
269 4283 346 4337 Phot.
366 4284 432 4339 Hes.
453 4285 487 4339 of.
507 4285 552 4338 Et.
571 4287 609 4339 M.
628 4287 690 4350 445,
709 4287 752 4340 24.

212 4371 271 4426 203.
293 4373 312 4439 ¹)
333 4373 415 4428 Oonv.
434 4374 501 4430 Ηεε.
521 4373 555 4429 of.
575 4374 641 4428 Lob.
661 4376 697 4430 ad
716 4376 815 4447 Phryn.
836 4393 861 4447 p.
882 4377 942 4432 597.
