3000 5040
651 249 715 315 259

188 412 265 479 437.
305 409 479 478 Eustath.
506 432 536 495 p.
567 409 666 487 1734,
693 409 723 474 5.
764 401 805 475 τὸ
837 406 1085 495 τέτρωρονῑ),
1116 396 1201 493 ὅπερ
1233 405 1266 472 οἱ

91 520 333 607 γραμματικοὶ,
365 511 415 595 ὡς
447 515 488 582 ἐν
520 513 718 604 ῥητορικῷ
751 507 911 603 εὕρηται
942 519 1100 600 λεξικῷ,
1137 506 1266 596 άξιοῦσι

90 633 344 714 προπερισπᾶν.

188 733 262 799 438.
289 731 461 798 Eustath.
480 753 510 814 p.
532 731 607 808 310,
625 731 676 796 30.
704 731 761 794 καί
781 720 833 796 ὅτι
852 727 893 795 ίν
911 726 1111 816 ῥητορικῷ
1131 720 1266 816 εὕρηται

93 845 243 925 λεξικῷ
261 841 367 924 μίλτηο
386 836 649 922 συμμεμιγμένον
672 829 712 903 τὸ
735 832 911 923 κιννάβαρι
920 838 956 923 ¹).
979 837 1058 923 φησὶ
1082 831 1158 921 γάρ·
1184 860 1266 920 τιγ-
1294 865 1306 903 ε

93 943 254 1034 γάβαρι’
277 937 317 1010 τὸ
342 941 520 1030 κιννάβαρι
537 936 686 1010 Ἀττικοί.
711 945 864 1030 Διοκλῆς

382 1043 402 1138 ἡ
425 1053 540 1136 μίλτος
563 1046 653 1135 οἶμαι
676 1053 734 1116 καί
755 1042 796 1117 τὸ
817 1046 990 1136 τιγγάβαρι

93 1161 166 1226 καὶ
188 1154 321 1225 πάλιν·
345 1154 552 1245 τιγγάβαρῠ)
571 1159 628 1222 καὶ
650 1159 764 1242 μίλτος
787 1149 1040 1244 ἀναμεμιγμένη,
1067 1145 1109 1220 οὗ
1131 1147 1193 1242 τὴν
1217 1153 1266 1240 ἐρ-

93 1268 219 1352 γασίαν
242 1267 337 1349 φασὶ
360 1271 499 1352 πρῷτον
523 1256 632 1350 εὑρεῖν
655 1266 805 1330 Καλλίαν
821 1256 1007 1351 Ἀθηναῖον.

189 1373 263 1439 439.
295 1372 469 1439 Eustath.
487 1395 516 1457 p.
537 1373 633 1450 1257,
652 1372 703 1438 23.
735 1375 916 1458 τραπεζῆες
940 1372 976 1437 δὲ
999 1366 1111 1450 κύνες,
1140 1367 1188 1453 [οἱ
1210 1370 1267 1434 καὶ
1281 1399 1307 1438 10

94 1485 326 1566 τραπεζεῐται,
354 1469 413 1557 οὓς
439 1470 590 1564 ,α’γλαΐας
617 1475 732 1544 ἕνεκεν
760 1473 930 1563 κσμόεοσιν
959 1470 1129 1558 ἄνακτες,
1156 1469 1201 1553 ὡς
1230 1475 1267 1541 ἐν

96 1581 268 1676 Ὀδυσσείᾳ
297 1587 331 1674 (ρ
356 1587 436 1674 309)
465 1585 616 1673 είρηται].
650 1585 691 1652 ἐν
721 1586 761 1650 δὲ
787 1581 984 1672 ῥητορικῷ
1006 1589 1148 1670 λεξικῷ
1172 1580 1267 1670 ἑρμη-

96 1697 174 1761 νεία
196 1702 254 1783 τῆς
272 1694 393 1776 λέξεως
410 1690 534 1781 ταύτης
552 1707 660 1759 κεῖται
679 1687 775 1780 αὕτη·
800 1695 1064 1784 τραπεζῆεςί)
1088 1687 1267 1778 παράσιτοι

97 1801 322 1889 οίκοτραφεϊς.
1026 1784 1030 1791 ’

190 1909 265 1974 440.
297 1907 471 1975 Eustath.
494 1931 524 1992 p.
551 1907 649 1985 1624,
672 1908 724 1973 44.
763 1905 804 1972 ἓν
832 1907 873 1971 ol
900 1903 1098 1993 ῥητορικῷ
1126 1911 1267 1988 λεξικῷ
1282 1932 1307 1972 15

98 2007 261 2102 εὕρηται
279 2017 356 2100 περὶ
369 2010 552 2101 κραμάτοον
567 2013 715 2101 οίνηρῷν
734 2015 928 2079 καὶταῦτα·
953 2015 1043 2098 τρία
1061 2014 1127 2078 καὶ
1147 2008 1266 2096 δύοίγ

89 2115 330 2208 Ἀριστοφάνης
353 2122 424 2207 (Eq.
446 2122 556 2210 1187).

236 2226 288 2314 ἔχε
310 2241 401 2294 πιεῖν
424 2228 636 2314 κεκραμένον
653 2229 730 2313 τρία
752 2229 809 2292 καὶ
834 2224 903 2292 δύο.

92 2331 246 2414 Ἡσίοδος
265 2335 358 2424 (Opp.
377 2335 472 2423 596)-

145 2515 205 2570 437.
235 2516 256 2580 ¹)
274 2514 349 2568 idem
373 2513 454 2568 docet
481 2529 506 2582 p.
532 2512 610 2578 1447,
634 2512 677 2567 54.
710 2512 777 2566 Cum
801 2512 928 2566 Eustath.
953 2510 1053 2565 lemma
1080 2509 1268 2564 tantummodo

100 2603 264 2671 servaverit,
284 2601 368 2657 certis
380 2601 534 2656 rationibus
553 2600 736 2656 demonstrari
754 2617 809 2655 non
822 2603 922 2670 potest,
941 2605 1033 2653 utrum
1045 2599 1124 2653 Phot.
1138 2604 1182 2665 t=
1193 2597 1267 2653 Suid.

99 2693 167 2748 Hes.
187 2692 255 2747 Lex.
274 2692 387 2746 Baohm.
407 2691 468 2758 385,
488 2690 533 2759 26)
551 2687 709 2760 τέτρωρον·
734 2687 896 2759 τέθριππον
915 2681 1003 2758 ἤγουν
1021 2683 1196 2758 τετράιππον
1214 2689 1267 2740 huc

99 2781 242 2850 pertineat
260 2795 356 2834 necne.

147 2870 208 2924 438.
227 2868 361 2924 Doctrina
370 2873 413 2922 est
422 2868 516 2923 Aelii
526 2867 691 2938 Dionysii.
712 2867 812 2922 Statim
825 2867 950 2935 sequitur
964 2866 1067 2922 11257.
1088 2867 1185 2921 Glossa
1196 2867 1268 2920 enim

99 2957 220 3013 recurrit
229 2959 302 3026 apud
312 2958 390 3012 Phot.
401 2952 565 3028 τιγγάβαρι·
581 2951 614 3010 τὸ
624 2951 780 3026 κιννάβαρι.
802 2957 922 3024 Διοκλῆς
931 2955 1051 3022 (Neon.
1063 2973 1089 3025 p.
1100 2957 1171 3024 mo,
1187 2971 1268 3023 quam

100 3049 138 3116 gl.
153 3041 278 3118 τιγόνιον
297 3046 420 3114 sequitur
438 3046 483 3115 (cf.
497 3046 531 3101 fr.
544 3047 586 3100 87.
602 3050 657 3100 not.
671 3047 715 3112 4.),
731 3061 801 3113 quac
814 3044 891 3099 Aelii
903 3045 983 3100 Dion.
997 3043 1057 3099 luit.
1078 3045 1118 3099 Of.
1131 3045 1201 3100 Nab.
1217 3045 1234 3098 l.
1250 3045 1267 3097 l.

191 3138 213 3203 ι)
231 3136 333 3189 Mirum
351 3142 401 3201 est,
421 3137 491 3202 quod
510 3136 575 3190 Hes.
588 3133 700 3204 profert.
723 3152 744 3189 s.
758 3151 782 3187 v.
802 3134 897 3204 τίγγα·
919 3135 1037 3202 Διοκλῆς
1056 3130 1087 3188 ἐν
1104 3133 1267 3198 Metiscum.

101 3223 260 3295 Πρακλέων
278 3222 309 3277 st
328 3219 361 3278 οὐ
376 3220 476 3278 διελὼν
490 3219 641 3295 τιγμάβαρι
660 3220 694 3278 τὸ
708 3219 857 3294 κιννάβαρι
876 3221 961 3294 λέγει.
991 3224 1154 3293 corruptum
1172 3225 1268 3294 τίγγα·

101 3309 176 3384 βαρύ
200 3312 285 3382 igitur
303 3312 404 3382 legisse
424 3314 540 3368 videtur.
577 3313 672 3366 Potius
697 3327 758 3367 eum
781 3313 960 3367 vehementer
979 3328 1086 3367 errasse
1105 3313 1269 3381 putaverim,

100 3401 266 3470 praesertim
286 3417 348 3455 cum
367 3402 426 3456 eius
445 3403 481 3470 gl.
500 3398 626 3472 τιγιίνιον
645 3401 784 3469 conspiret
803 3417 864 3455 cum
884 3401 960 3456 Aelii
977 3400 1058 3456 Dion.
1078 3401 1224 3456 sententia.

194 3490 215 3555 ²)
234 3489 294 3544 Non
308 3489 413 3544 Dioclis
432 3495 503 3556 sunt,
522 3495 552 3544 ut
565 3491 675 3545 Nabsro
688 3489 802 3559 placuit,
822 3491 871 3543 sed
886 3490 943 3545 alia
956 3491 1054 3558 glossa.
1083 3491 1127 3544 An
1142 3490 1177 3544 ad
1191 3490 1269 3544 illam

104 3579 182 3632 Phot.
201 3577 238 3646 gl.
257 3579 283 3632 2.
302 3577 451 3634 referenda
469 3579 513 3646 sit,
533 3579 637 3634 dubito.

147 3669 208 3722 439.
229 3669 249 3733 ¹)
268 3666 309 3721 Cf.
323 3667 389 3722 Hes.
404 3698 437 3706 -
451 3667 580 3723 Fortasse
594 3684 645 3722 vox
659 3685 693 3722 ex
706 3671 753 3721 Ar.
767 3669 832 3738 Byz.
846 3669 943 3737 petita,
958 3668 992 3723 cf.
1006 3668 1075 3722 Mill.
1089 3669 1153 3722 Mel.
1168 3686 1194 3736 p.
1208 3669 1269 3721 424.

103 3755 230 3811 Eustath.
249 3773 275 3824 p.
296 3758 375 3822 1837,
394 3758 436 3812 40.

147 3845 208 3899 440.
227 3846 358 3900 Fortasse
368 3846 558 3900 Pausaniae
569 3851 642 3914 sunt,
654 3845 688 3900 cl.
699 3846 799 3914 Hotop.
811 3847 845 3900 de
854 3845 995 3900 Eustathii
1005 3845 1158 3914 proverbiis
1172 3864 1198 3915 p.
1208 3847 1269 3901 282.

194 3935 214 4004 ¹)
232 3934 346 3989 Prorsus
362 3934 490 3989 convenit
502 3934 590 4002 Pnot..
609 3935 687 3989 ouius
701 3936 792 4002 glossa
810 3951 828 3988 a
845 3950 927 3988 manu
945 3934 1061 4002 antiqua
1078 3934 1197 4004 margini
1209 3941 1269 3990 tex·

104 4028 149 4077 tus
168 4023 282 4093 appicta
300 4027 350 4078 est.
387 4022 427 4078 ul.
446 4023 512 4078 Hes.
532 4023 595 4093 τρία
614 4026 661 4077 καί
680 4018 739 4085 δύο,
758 4017 809 4093 ἆρ’
829 4017 901 4077 οἴσει
919 4023 966 4094 τρί
987 4066 991 4077 .
1012 4054 1045 4062 -
1064 4024 1152 4080 Locos
1172 4025 1270 4079 citatos

104 4112 200 4167 attulit
217 4112 318 4166 iterum
336 4114 401 4166 Ath.
420 4113 455 4167 X.
474 4113 535 4167 426.
566 4113 662 4180 Neque
680 4117 774 4168 tamen
793 4110 854 4166 fieri
872 4118 976 4182 potest,
995 4119 1025 4167 ut
1044 4113 1203 4182 episcopum
1220 4128 1271 4168 sua

104 4218 139 4255 ex
158 4199 389 4271 deipnosophistis
407 4202 561 4256 detraxisse
576 4201 773 4256 existimemus.
802 4203 907 4270 Aperte
920 4201 993 4256 enim
1005 4202 1165 4258 testimonia
1182 4205 1211 4257 in
1230 4204 1270 4257 le-

105 4290 168 4345 xico
183 4292 253 4345 rhet.
267 4290 352 4345 fuisse
371 4290 447 4346 dicit.
483 4291 527 4344 Au
546 4290 649 4345 fontem
668 4291 754 4360 igitur
767 4306 936 4347 communem
955 4295 1100 4361 utrumque
1119 4292 1208 4348 locum
1227 4309 1270 4347 re·

105 4380 237 4436 ducamus
257 4395 369 4435 necesse
383 4381 498 4435 videtur.

1007 4471 1059 4524 17*
