3000 5040
826 228 890 295 256

272 384 293 480 ἢ
307 393 413 472 δαῖον,
427 383 502 478 ἤτοι
515 392 639 475 καῖον]
659 385 821 477 itaquo)
841 388 882 455 δέ
894 406 998 473 φασιν
1015 390 1051 477 (i.
1062 411 1087 457 a
1096 388 1239 457 Lucillus
1247 388 1444 477 Tarrlraeua)

273 499 309 565 έν
332 499 464 584 Σαρδοῖ
484 493 577 584 νήσῳ
600 495 755 563 ἐπέκεινα
778 498 948 578 Σικελίας,
975 505 1016 582 τῇ
1041 498 1098 564 καί
1120 493 1284 584 Σαρδόνι,
1308 496 1445 564 σέλινον

272 603 430 690 φύεσθαι,
453 592 494 670 ού
517 596 596 681 τούς
619 600 830 689 ἐμφαγόντας
847 604 964 687 ξένους
984 597 1068 690 μετὰ
1092 612 1249 691 σπασμοῦ
1272 598 1445 672 όλλυσθαι

273 710 466 801 σεσηρότας,
490 704 536 790 ὡς
559 707 644 777 εἶναι
668 707 849 796 σαρδόνιον
871 703 892 798 ἢ
916 706 1098 798 σαρδόνιον
1119 712 1251 798 γέλωτα
1272 703 1338 779 τόν
1360 703 1446 797 μετὰ

246 814 409 909 εόδύνης,
441 814 564 887 ὁποῖόν
590 842 666 884 τινα
694 818 847 903 λέγονται
873 824 974 904 γελᾶν
1001 821 1059 885 καὶ
1085 817 1119 885 οἱ
1149 818 1359 907 τετρωμένοι
1386 810 1447 897 τὰς

272 927 406 1015 φρένας,
425 929 482 992 καὶ
501 922 576 994 οίον
596 926 632 992 δε
649 938 749 1010 πεῖρα
769 922 870 1013 έφηνε
887 930 1037 1007 πολλοῖς,
1061 921 1221 1008 διδάξασα
1239 917 1309 993 ύπό
1329 919 1446 1010 όφεως

273 1037 475 1122 συσχεθῆναί
498 1058 574 1101 τινα
597 1037 654 1100 καί
678 1038 841 1122 δηχθῆναι
864 1036 941 1120 περὶ
963 1041 1027 1100 τοῦ
1049 1025 1117 1100 ὑπό
1139 1029 1248 1121 μάλην
1272 1034 1331 1098 καὶ
1350 1024 1445 1099 ούτω

273 1137 334 1209 σύν
352 1143 472 1229 γέλωτι
491 1138 677 1230 ἀπορρῆξαι
691 1135 754 1209 τόν
772 1143 857 1223 βίον.
886 1142 1078 1228 Τίμαιοςῡ)
1098 1141 1144 1222 δέ,
1162 1157 1295 1223 φασιν,
1315 1137 1448 1227 ἱστορεῖ

271 1243 350 1329 τούς
387 1250 424 1316 έν
455 1247 606 1337 Σαρδόνι
641 1245 866 1337 γεγηρακότας
902 1256 974 1315 τῶν
1009 1248 1139 1334 γονέων
1176 1241 1321 1333 ἄγεσθαι
1358 1239 1446 1335 πρός

233 1380 258 1418 ro
271 1354 403 1445 βόθρον
425 1360 482 1423 καὶ
505 1354 775 1439 καταβάλλεσθαι
798 1359 855 1422 καὶ
873 1347 964 1422 ούτω
987 1361 1050 1422 τοῦ
1068 1361 1128 1443 ζῆν
1146 1346 1363 1421 ἀπολύεσθαι
1387 1357 1445 1420 καὶ

272 1459 318 1544 ὡς
343 1467 514 1551 μακαρίως
541 1461 755 1552 θνήσκοντας
781 1468 896 1550 γελᾶν,
928 1457 1118 1530 κόντεᾶθεν
1144 1454 1206 1528 τόν
1235 1461 1292 1528 ἐπὶ
1319 1457 1445 1540 λύπαις

270 1572 400 1658 γέλωτα
414 1569 594 1659 σαρδόνιον
614 1573 777 1658 λέγεσθαι.
802 1568 967 1657 έτεροιθ)
987 1572 1008 1636 δ
1013 1570 1028 1636 ἐ
1046 1562 1127 1647 τούς
1145 1561 1238 1647 οίούς
1255 1573 1361 1655 γελᾶν
1380 1592 1442 1652 φα-

272 1699 325 1746 σιν
350 1679 405 1746 ἐπὶ
427 1687 468 1764 τῇ
490 1688 561 1746 τῶν
583 1680 742 1766 πατέρων
766 1678 837 1744 ἐκεῖ
852 1679 1061 1764 καταρρίψει,
1085 1671 1357 1762 ἀφοσιουμένους
1379 1667 1443 1741 τόν

272 1784 382 1871 φόνον
409 1789 466 1852 καὶ
494 1787 718 1872 ἐμφαίνοντας
744 1785 848 1873 μηδὲν
877 1778 1050 1872 ἁμαρτεῖν,
1077 1783 1107 1849 εί
1128 1775 1210 1862 τούς
1231 1790 1347 1861 κακῶς
1370 1805 1441 1848 πει-

232 1912 257 1953 1⁵
272 1895 433 1979 σομένους
459 1893 605 1979 πατέρας
628 1885 695 1960 ύπό
723 1890 832 1982 γήρως
854 1888 1120 1979 προαπόγουσιν.
1155 1889 1314 1958 ἐθέλουσι
1337 1889 1377 1956 δέ
1405 1885 1443 1954 ol

169 2085 173 2092 .
271 2003 435 2067 παλαιοὶ
462 1994 600 2085 όιμεινον
624 1997 723 2082 εἶναι,
751 1997 933 2086 σαρδόνιον
960 2000 1090 2086 γέλωτα
1117 1989 1362 2084 λέγεσθαιτὸν
1386 1995 1442 2063 ἐπὶ

271 2104 503 2195 καταμωκήσει
530 2111 763 2196 προσποίητον
789 2099 881 2194 παρὰ
908 2100 948 2173 τὸ
978 2106 1165 2194 σεσηρέναι,
1196 2099 1302 2192 ἤγουν
1329 2097 1440 2171 ύπαν-

272 2219 376 2302 οίγειν
402 2207 444 2281 τὰ
465 2218 568 2304 χείλη,
596 2209 643 2294 ὡς
666 2207 790 2302 δηλαδὴ
813 2216 1017 2302 προείρηται.
1050 2210 1191 2301 γράφει
1215 2211 1257 2278 δέ
1279 2235 1338 2290 τις
1360 2216 1441 2276 τῶν

271 2329 452 2389 παλαιᾶν
475 2325 531 2388 καὶ
555 2314 659 2389 ούτω·
698 2318 875 2408 σαρδάνιος
897 2322 1015 2407 γέλως·
1057 2315 1238 2408 κεχηνότος
1264 2321 1321 2385 καὶ
1346 2335 1441 2404 σεση-

232 2449 258 2488 ²⁰
272 2428 371 2518 ρότος
393 2438 455 2497 τοῦ
478 2426 642 2516 στόματος
665 2432 721 2496 καὶ
744 2422 807 2495 ούκ
831 2429 868 2496 έκ
892 2429 1077 2507 διαθέσεως
1098 2423 1286 2514 γενόμενος.

360 2539 435 2605 430.
470 2538 641 2605 Eustalh.
665 2560 693 2622 p.
719 2539 818 2615 1709,
841 2538 893 2603 54.
931 2536 972 2602 ἐν
1001 2536 1041 2603 δὲ
1068 2531 1268 2623 ῥητορικῷ
1295 2538 1440 2619 λεξικῷ

273 2638 408 2734 εύρηται
430 2647 487 2711 καὶ
508 2652 627 2711 ταῦτα·
664 2647 906 2731 Σειρῆνεςίγ
943 2636 985 2709 τὰ
1009 2637 1122 2728 ἄστρα.
1162 2644 1268 2728 σείρια
1294 2632 1359 2727 γὰρ
1382 2664 1439 2706 κα-

360 2865 382 2930 ⁴)
400 2861 503 2916 Lucilli
526 2858 662 2915 Tarrhaei
685 2874 785 2913 nomen
808 2858 957 2914 exhibetur
979 2875 1023 2928 ap.
1043 2859 1133 2913 Schol.
1152 2857 1222 2912 Plat.
1241 2856 1261 2911 l.
1280 2857 1299 2912 l.
1329 2855 1440 2911 Doctri-

272 2969 336 3008 nam
354 2955 435 3020 (quae
454 2949 572 3004 fortasse
592 2948 645 3004 fuit
663 2964 699 3003 ex
712 2948 805 3004 Sileno
825 2943 856 3003 έν
875 2943 901 3001 δ’
917 2949 975 3003 τῶν
993 2949 1059 3020 περὶ
1078 2939 1279 3018 Συρακούσας,
1300 2944 1335 3001 oi.
1349 2944 1440 3015 Puot.)

272 3042 377 3095 iterant
393 3039 496 3093 Zenob.
515 3039 548 3092 V.
567 3039 610 3094 85.
629 3037 699 3093 Mill.
719 3037 785 3093 Mel.
804 3054 830 3107 p.
850 3039 910 3093 356.
929 3038 1019 3093 Schol
1037 3037 1104 3093 Luc.
1124 3035 1176 3092 vol.
1196 3035 1243 3090 IV.
1262 3052 1289 3105 p.
1310 3035 1372 3091 166.
1390 3034 1440 3091 Ja-

275 3129 372 3184 cobitz.
392 3128 516 3196 Apostol.
535 3127 594 3181 XV.
614 3128 656 3183 35.
676 3144 696 3181 a.
716 3126 735 3182 f.
764 3126 803 3182 ef.
824 3127 948 3182 Crucium
967 3128 996 3182 in
1019 3125 1118 3182 Philol.
1136 3141 1197 3181 nov.
1216 3140 1270 3180 aer.
1289 3125 1310 3179 I.
1330 3140 1357 3194 p.
1379 3124 1438 3179 198.

362 3217 383 3282 ⁶)
402 3215 531 3270 Timaeus
545 3215 647 3272 iterum
659 3215 788 3271 laudatur
800 3233 844 3286 ap.
859 3217 936 3271 Phot.
951 3216 1025 3271 Suid.
1041 3216 1143 3271 Zenob.
1162 3215 1296 3271 Doctrina
1307 3214 1383 3270 redit
1395 3231 1439 3285 ap.

272 3307 337 3360 Heu.
358 3320 379 3360 a.
399 3322 422 3359 v.
443 3300 566 3376 σάρδιον.

361 3395 382 3461 ⁰)
401 3393 454 3463 Qui
472 3393 576 3450 fuerint
594 3395 681 3449 ceteri
704 3400 844 3463 auctores,
869 3411 983 3463 quorum
1006 3394 1173 3450 sententiam
1191 3394 1320 3450 Euatatlr.
1338 3393 1438 3464 applu-

272 3484 322 3550 xit,
342 3483 432 3539 adhuc
450 3484 529 3539 latet.
562 3485 664 3538 Mirum
687 3500 752 3539 vero
774 3485 804 3538 in
826 3485 934 3539 modum
954 3483 1069 3550 accidit,
1093 3483 1166 3553 quod
1184 3483 1317 3539 Damonis
1334 3482 1438 3539 doctri·
1462 3484 1467 3491 '

272 3590 335 3629 nam
358 3576 412 3643 (ap.
432 3574 509 3628 Phot.
529 3574 603 3628 Suid.
623 3574 689 3628 Hea.
709 3572 798 3628 Schol.
823 3574 901 3628 Hom.
922 3588 952 3643 φ.
973 3574 1035 3640 302)
1057 3573 1166 3628 omnino
1189 3572 1283 3629 omIait
1305 3571 1351 3641 (cf.
1371 3573 1437 3629 cru·

273 3663 337 3726 sius,
355 3663 436 3718 Anal.
455 3665 492 3717 ad
510 3679 629 3732 paroem.
649 3679 689 3732 gr.
709 3680 736 3732 p.
752 3664 812 3718 148.
832 3670 887 3718 not.
901 3665 945 3732 1.).
964 3694 1000 3702 -
1018 3664 1147 3718 Fortasse
1165 3663 1231 3718 inda
1250 3661 1385 3732 colligere
1403 3661 1437 3717 li·

273 3758 330 3820 cet,
362 3751 392 3807 in
419 3753 523 3807 scholio
550 3752 691 3807 Platonico
718 3753 805 3806 multo
834 3754 954 3807 omnium
982 3754 1115 3822 locorum,
1144 3752 1191 3821 qui
1218 3753 1272 3807 huc
1300 3756 1437 3822 spectant,

272 3841 443 3896 nobiIIesimo
463 3842 615 3898 doctrinam
634 3841 789 3897 Pausaniae
809 3859 891 3910 quam
909 3841 1028 3898 maxime
1047 3840 1194 3911 genuinam
1214 3841 1332 3897 cervari:
1357 3856 1437 3910 quam

273 3930 459 3986 coniecturam
481 3933 546 3985 inde
570 3930 728 3997 fulciemus,
755 3932 825 3998 quod
848 3948 893 3985 res
918 3932 1032 3986 eodem
1055 3930 1174 3986 ordine
1198 3946 1243 4000 ap.
1263 3931 1342 3987 Phot.
1361 3928 1436 3987 auio.

273 4019 462 4088 proferuntur,
487 4020 522 4075 cf.
543 4020 665 4090 Giening.
690 4037 717 4090 p.
737 4022 779 4075 58.
797 4050 831 4059 -
854 4021 897 4075 Ne
917 4022 961 4075 vel
984 4020 1168 4090 pulvisculum
1187 4019 1313 4076 omisisse
1331 4020 1436 4086 videar,

273 4109 365 4177 relego
383 4110 501 4164 lectores
519 4111 556 4164 ad
574 4110 643 4164 Tim.
663 4112 716 4165 lex.
736 4110 806 4165 Plat.
820 4111 898 4179 Diog.
912 4111 986 4165 VIII.
1007 4112 1031 4166 5.
1052 4111 1132 4180 Greg.
1153 4111 1232 4181 cypr.
1252 4111 1300 4166 III.
1321 4111 1364 4166 66.
1383 4108 1434 4164 Zo-

272 4212 331 4252 uar.
350 4198 393 4252 ed.
412 4199 563 4254 Tittmann.
582 4216 610 4268 p.
632 4200 709 4255 1627.
726 4200 771 4254 Et.
791 4201 829 4254 M.
849 4201 909 4265 709,
928 4201 952 4255 4.

315 4286 376 4342 430.
395 4289 416 4353 ι)
436 4287 474 4342 Oi.
498 4288 543 4342 Et.
566 4289 604 4343 M.
624 4289 688 4356 710,
712 4291 754 4344 28.
783 4289 838 4343 Vix
860 4292 937 4344 recte
962 4289 1123 4345 Gaisfordua
1145 4291 1183 4345 ad
1205 4288 1223 4345 l.
1242 4288 1260 4344 l.
1285 4287 1436 4351 anenno

273 4373 357 4430 etiam
376 4375 467 4430 Photii
485 4377 590 4446 glossas
610 4378 722 4447 σείριος,
743 4378 834 4448 σίριον
852 4381 906 4433 huc
924 4377 1086 4434 referendas
1105 4394 1173 4434 eaeo.
