3000 5040
687 228 750 292 135

125 379 190 474 τὴν
213 381 410 472 σύννυμφον
433 387 537 473 δηλοῖ,
561 379 664 452 ὁποία
678 379 791 472 Ἑλένη
814 393 855 469 τῇ
872 380 1073 471 Ἀνδρομάχῃ
1098 389 1239 471 [γίνεται
1263 387 1298 453 δὲ

126 486 221 579 παρὰ
238 485 277 559 τὸ
298 485 458 574 εὖνάζειν,
482 491 588 558 οἱονεὶ
609 487 629 580 ἡ
650 489 887 578 συνευνάτειρα
905 486 991 578 πρὸς
1010 487 1137 580 ilion}
1163 493 1301 572 Αἴλιος

129 601 165 666 δὲ
184 596 395 678 Διονύσιος
413 591 504 665 οὗτοι
523 596 650 685 φράζει.
676 595 853 683 εἰνάτερες·
879 597 913 664 αἱ
936 611 1007 676 τοῖς
1030 592 1183 685 ἀλλήλων
1207 593 1300 665 εἰσελ-

129 720 208 790 φοῑς
230 706 460 793 γεγαμημέναι,
484 697 522 783 ἃς
546 703 762 791 συννύμφους
780 706 868 782 τινές
887 724 999 788 φασιν.
1024 698 1137 791 ὥσπερ
1158 706 1193 771 δὲ
1213 701 1300 771 εἰνά-

127 836 222 899 τερες
250 810 284 878 αἱ
312 811 368 878 ἐπὶ
395 805 553 894 ἀδελφοῖς
583 809 786 897 σύννυμφοι,
819 803 911 878 οὕτω
939 814 997 877 καὶ
1025 805 1186 895 itatem)
1214 805 1300 878 κατὰ
1328 831 1341 870 ⁵

128 911 210 998 τοὺς
231 911 396 997 παλαιοὺς
418 917 452 985 oi
475 911 622 1002 αδελφὰς
643 930 803 1003 γυναῖκας
827 915 967 1002 ἔχοντες.

219 1027 290 1092 101.
324 1025 497 1092 Eustath.
514 1049 544 1110 p.
564 1027 639 1103 205,
657 1026 709 1089 44.
736 1032 799 1090 τοῦ
819 1017 858 1110 δὴ
877 1020 1100 1110 τρισυλλάβου
1118 1024 1206 1101 τινες
1224 1016 1300 1106 ὀξύ-

128 1149 226 1198 νουσι
248 1123 311 1218 τὴν
333 1127 473 1219 πρώτην
502 1126 685 1218 συλλαβὴν,
714 1121 760 1208 ὥς
788 1148 891 1216 φησιν
918 1131 1056 1208 Αἴλιος
1083 1126 1300 1207 Διονύσιος.

128 1237 163 1303 οἱ
191 1237 227 1305 δὲ
253 1243 407 1304 πλεῖστοι
433 1243 592 1323 γελοῖον
619 1238 681 1323 μὲν
707 1237 1042 1322 ιιροιιερισιιωμένως
1069 1228 1131 1302 τὸν
1158 1241 1301 1322 γελοοτο-

128 1337 231 1410 ποιὸν
258 1343 426 1430 λέγουσιν,
455 1339 530 1409 οἷον
557 1336 620 1409 τὸν
647 1356 763 1428 μῖμον,
790 1343 949 1428 γέλοιον
977 1343 1013 1409 δὲ
1036 1334 1098 1408 τὸν
1121 1342 1300 1427 καταγέλα.
1317 1364 1342 1401 ιο

129 1451 257 1536 orov1).
282 1451 378 1516 δοκεῖ
395 1450 441 1531 δέ,
459 1468 569 1537 φησι,
587 1459 659 1515 τῶν
677 1453 834 1515 παλαιῶν
852 1442 1010 1515 Ἀττικῶν
1029 1445 1115 1514 εἷναι
1132 1455 1301 1534 περισπᾶν

128 1548 347 1622 τὰτοιαῦτα·
372 1549 501 1641 ὁμοῖον,
526 1552 670 1641 ἑτοῖμον,
693 1557 872 1641 γελοῖονῖ).

221 1663 292 1728 102.
328 1662 501 1729 Eustath.
521 1686 549 1746 p.
572 1663 671 1739 1257,
690 1663 741 1728 57.
778 1663 856 1746 περὶ
880 1661 916 1727 δὲ
938 1664 1069 1745 γενείου
1092 1657 1211 1747 γράφει
1234 1660 1301 1726 At-

129 1773 214 1846 λιος
232 1765 456 1850 Διονύσιος,
480 1760 533 1835 ὅτι
555 1761 710 1854 γενειὰς
733 1769 848 1855 (Meier
866 1769 960 1854 corr.)
981 1765 1015 1833 ai
1033 1769 1149 1853 τρίχες,
1171 1768 1302 1852 γε’νειον

131 1874 167 1941 δὲ
191 1867 210 1940 ὁ
232 1871 339 1953 τόπος
348 1876 386 1962 1).
1316 1891 1342 1931 1⁵

222 1981 293 2048 103.
312 1983 530 2066 EtymMeg.
545 2006 574 2067 p.
587 1983 661 2059 227,
681 1984 733 2048 26.
752 1993 901 2068 γεραῑραι
920 1981 954 2066 (1.
968 1981 1186 2068 γεραιραίῑ)
1209 1971 1301 2066 παρὰ

124 2081 313 2174 Ἀθηναίοις
335 2088 490 2173 γυναῖκές
512 2111 601 2166 τινες
625 2086 720 2175 ἱεραὶ,
744 2113 782 2166 ας
801 2082 820 2153 ὃ
838 2078 992 2168 βασιλεὺς
1010 2089 1211 2175 καθίστησιν
1230 2086 1301 2152 ἰσα-

129 2297 191 2370 φός.
211 2297 353 2371 εἰνατέρες
371 2298 402 2355 δὲ
421 2297 451 2354 αὶ
469 2303 520 2354 νῦν
538 2294 617 2370 παρὰ
635 2303 670 2369 τῇ
689 2299 827 2374 σννηθείᾳ
840 2293 1000 2368 σύννομφοι
1012 2298 1070 2368 (qui
1083 2299 1157 2353 idem
1170 2298 1224 2354 luit
1241 2298 1303 2353 fone

129 2389 250 2446 Pollucis
268 2390 318 2445 111.
335 2390 388 2456 32).

222 2478 243 2544 ο)
262 2479 328 2533 Hes.
351 2474 448 2533 ἀέλιοι.
487 2473 515 2532 oi
536 2471 661 2546 ἀδελφὰς
683 2482 820 2546 γυναῖκας
843 2470 1005 2546 ἐσχηκότες.
1042 2475 1149 2531 Nauck.
1168 2478 1216 2531 Ar.
1234 2476 1301 2547 Byr.

129 2583 157 2636 p.
176 2567 237 2623 137.
255 2567 328 2623 Prol.
347 2584 374 2637 p.
392 2567 436 2622 41.

174 2657 346 2725 1011)Οαί
369 2655 512 2711 doctrinae
536 2654 673 2709 accedunt
691 2654 765 2709 Suid.
785 2653 820 2722 gl.
842 2655 864 2707 1.
884 2653 940 2721 (qni
963 2653 1064 2707 deinde
1088 2654 1123 2707 de
1147 2652 1232 2707 veriie
1255 2670 1301 2723 γε-

129 2746 217 2800 λοίων
243 2745 392 2814 generibus
416 2743 540 2814 exponit)
564 2744 689 2796 Ammon.
714 2759 740 2810 p.
765 2744 808 2796 36.
831 2743 929 2797 Velek.
954 2741 1043 2796 Schol.
1069 2740 1169 2796 Aeeeh.
1194 2742 1215 2795 1.
1241 2743 1300 2797 126.

130 2833 220 2888 Schol.
244 2833 322 2888 Dem.
346 2850 372 2902 p.
396 2833 461 2901 524,
486 2833 529 2887 11.
552 2831 616 2886 Ddf.
641 2832 730 2886 Schol.
755 2831 821 2884 Luc.
845 2831 892 2884 IV.
916 2848 942 2898 p.
961 2831 1022 2884 202.
1046 2830 1180 2885 Jeeobitz.
1200 2830 1245 2883 Et.
1266 2846 1302 2883 m.

130 2939 157 2992 p.
171 2922 233 2989 224,
248 2922 292 2976 45.
305 2921 371 2976 Ηεε.
384 2923 420 2990 gl.
436 2924 459 2975 1.
478 2951 513 2960 -
532 2921 618 2975 Pleno
636 2919 666 2973 in
685 2919 852 2973 contrarium
873 2918 1030 2986 disputatur
1048 2934 1093 2987 ep.
1109 2919 1176 2972 Lex.
1189 2919 1303 2973 Beohm.

130 3026 158 3078 p.
178 3010 242 3075 184,
263 3011 287 3064 5.
312 3010 386 3064 Suid.
406 3010 442 3078 gl.
462 3011 487 3064 2.
512 3009 607 3063 Thom.
628 3009 701 3077 Meg.
721 3025 747 3076 p.
768 3009 810 3063 75.
833 3007 878 3062 Et.
904 3007 972 3062 Gud.
992 3025 1019 3076 p.
1040 3008 1099 3062 122.
1122 3008 1167 3061 Et.
1187 3024 1222 3061 m.
1242 3007 1303 3071 224,

130 3097 172 3153 35.
184 3099 219 3168 gl.
231 3100 255 3153 l.
271 3129 304 3138 -
324 3099 420 3153 Tertia
439 3098 599 3167 disputandi
617 3098 689 3153 ratio
708 3098 858 3166 praebetur
876 3097 911 3151 ab
926 3097 1053 3151 Eneteth.
1069 3114 1095 3165 p.
1110 3097 1171 3161 906,
1190 3096 1238 3150 53;
1257 3112 1303 3165 γε-

130 3189 208 3252 λοῖος
225 3185 280 3254 μὲν
299 3182 315 3242 ὃ
333 3184 548 3258 καταγέλαστος
566 3183 861 3256 προπεριστιωμένως,
881 3180 993 3255 γελοιὸς
1011 3184 1042 3239 δὲ
1061 3180 1204 3250 ὀξυτόνως
1223 3178 1239 3238 ὁ
1257 3201 1304 3254 γε·

132 3271 297 3340 λαιοιιοιός,
317 3293 400 3344 quem
412 3275 513 3344 petivit
524 3291 559 3329 ex
571 3275 672 3330 Philo
677 3274 757 3345 poni
772 3278 925 3344 συναγωγῇ
938 3275 996 3327 τῶν
1008 3270 1079 3343 πρὸς
1098 3267 1237 3343 διάφορον
1255 3288 1303 3340 ση-

130 3364 238 3431 μασὶαν
261 3359 406 3435 διαφόρως
428 3361 609 3431 τονονμὲνων
632 3361 752 3429 λέξεων,
777 3363 855 3417 euius
878 3363 943 3417 libri
962 3369 1123 3431 excerptum
1141 3361 1249 3429 longine
1268 3361 1304 3415 ed

132 3451 333 3507 elementorum
351 3452 475 3507 ordinem
494 3453 659 3521 dispositum
678 3451 794 3506 exhibet
811 3451 889 3505 Eust.
902 3468 928 3520 p.
947 3453 1020 3515 1967,
1040 3451 1154 3505 20-37.
1186 3449 1230 3502 Ex
1242 3450 1304 3517 plu-

131 3540 209 3595 ribus
233 3539 348 3596 confuse
371 3544 415 3595 eet
436 3540 571 3611 Hesychii
598 3542 690 3610 glossa
712 3541 815 3595 altere:
843 3537 962 3609 γέλοιος.
992 3535 1103 3608 ἱλαρός,
1127 3532 1303 3607 γελοιασιὴς,

130 3630 180 3684 καὶ
197 3622 213 3683 ὃ
232 3626 444 3700 καταγέλαστος
462 3622 619 3700 ἄνθρωπος
637 3621 805 3699 ἢλοίδορος,
825 3629 899 3683 unde
914 3628 960 3682 vix
979 3644 1074 3682 verum
1093 3626 1203 3681 extrudi
1221 3641 1303 3694 posse

132 3733 297 3786 opereverre.

221 3806 242 3872 ἱ)
262 3805 296 3861 ef.
313 3805 414 3860 Herod.
429 3805 451 3859 I.
467 3807 526 3873 137,
542 3807 582 3860 15.
597 3807 640 3860 ed.
659 3807 757 3860 Lentz.
776 3808 863 3860 Moer.
883 3822 909 3874 p.
925 3805 984 3871 193,
999 3804 1041 3856 24.
1061 3801 1151 3856 Schol.
1166 3802 1214 3855 Ar.
1234 3801 1303 3856 Ron.

132 3897 157 3950 6.
175 3895 207 3950 Β.
221 3897 254 3950 A.
274 3897 335 3957 678,
355 3896 397 3949 17.
416 3895 516 3965 Phryn.
536 3895 602 3949 Lob.
621 3899 677 3948 not.
698 3896 733 3949 ed
752 3912 777 3963 p.
796 3895 856 3949 227.

177 3985 237 4039 102.
256 3986 278 4050 ²)
298 3984 380 4039 Oonv.
399 3983 477 4037 Euet.
499 3985 576 4050 1799,
595 3984 638 4038 23.
657 3983 702 4036 Et.
721 3984 759 4037 M.
779 3984 841 4049 225,
860 3983 901 4037 55.
922 3980 996 4035 Suid.
1015 3979 1061 4033 Et.
1075 3978 1112 4033 M.
1126 3979 1186 4043 226,
1200 3977 1225 4031 4.
1238 3977 1304 4032 Ηεε.

132 4089 154 4126 e.
174 4090 198 4126 v.
218 4067 371 4143 γενειάδες,
391 4066 512 4141 γενειάς.
534 4072 600 4126 Zon.
620 4088 647 4140 p.
666 4071 727 4126 429.
757 4071 852 4124 Tittm.

177 4162 238 4216 103.
258 4161 280 4228 ¹)
299 4162 428 4216 Formam
447 4161 580 4231 γεραιραί
598 4176 632 4214 ex
652 4160 730 4213 Dem.
749 4160 779 4214 in
797 4159 897 4213 Neaer.
919 4159 961 4213 73.
980 4155 1099 4224 restitui,
1119 4154 1154 4211 ol.
1174 4155 1239 4210 Hes.
1259 4170 1305 4224 γε-

134 4249 229 4320 ραραί.
250 4246 351 4320 ἱέρειαι
369 4253 481 4313 κοινῶς.
503 4246 579 4312 ἰδίως
597 4246 628 4302 οὲ
647 4245 676 4301 αὶ
694 4250 737 4321 τῷ
755 4242 884 4319 Διονύσῳ
903 4248 945 4319 τῷ
964 4241 1081 4318 ἀριθμῷ
1100 4239 1147 4298 ἰδ’.
1167 4268 1201 4288 =
1220 4245 1251 4298 B.
1270 4246 1305 4299 A.

110 4369 112 4375 ·
134 4340 201 4407 231,
220 4341 263 4396 32.
284 4337 413 4396 516115.
433 4355 454 4394 s.
474 4355 498 4393 v.
517 4337 627 4409 γεραία.
656 4337 743 4408 Herp.
762 4336 868 4392 Pollux.
888 4337 962 4392 VIII.
983 4335 1042 4390 109.
1062 4333 1191 4405 γεραραί,
1221 4321 1305 4386 αὗται
