3000 5040
659 250 721 314 261

192 408 266 476 443.
299 408 472 476 Eustath.
495 433 524 495 p.
542 410 618 487 411,
636 410 688 475 26.
720 410 808 487 τινὲς
831 411 1064 496 φυσίζοονῑ)
1088 405 1187 477 εἶπον
1214 403 1275 498 τὴν

103 519 175 599 ζῷα
197 512 362 600 φύουσαν,
385 510 432 594 ὡς
454 516 495 583 ἐν
518 512 716 604 ῥητορικῷ
741 511 903 603 εύρηται
926 521 1077 604 λεξικῷ.

672 698 711 760 X.

193 839 267 904 444.
291 839 461 904 Eustatb.
481 862 509 923 p.
533 838 627 915 1703,
646 839 697 904 28.
726 835 885 924 [χάροποι
904 839 941 905 δὲ
960 837 1094 917 λέοντες
1113 837 1146 904 οἱ
1164 835 1275 906 τοιού-

104 969 184 1023 τους
207 941 339 1030 ἔχοντες
362 937 440 1023 τοὺς
463 937 670 1029 ὀφθαλμούς.
694 941 870 1031 χρώματος
894 945 930 1011 δὲ
954 937 1145 1030 ὀφθαλμῶν
1169 947 1274 1033 δηλω-

103 1044 201 1119 τικὸν
228 1055 285 1118 καὶ
311 1044 351 1118 τὸ
377 1045 540 1138 χαροπὰν,
568 1047 751 1137 λεγόμενον
778 1054 836 1118 καὶ
864 1051 919 1118 ἐπὶ
945 1048 1173 1138 παρδάλεων.)
1206 1046 1275 1119 άπὸ

106 1159 142 1226 δὲ
161 1167 220 1247 τῆς
237 1155 393 1246 τοιαύτης
414 1155 646 1246 χαροπότητος
668 1161 724 1225 καὶ
746 1156 915 1245 χάρωνῖ)
940 1152 1075 1239 ὃλέων,
1099 1152 1146 1237 ὡς
1168 1174 1275 1225 κεῖται
1302 1181 1314 1218 ⁵

106 1267 149 1332 ἐν
171 1262 369 1353 ῥητορικῷ
392 1271 543 1351 λεξικῷ.

193 1375 268 1439 445.
300 1374 473 1440 Eustath.
495 1397 525 1458 p.
547 1374 642 1451 1767,
659 1376 712 1439 40.
745 1365 828 1458 ὅπερ
853 1369 954 1454 ἔσται,
982 1373 1077 1458 εἴπερ
1102 1372 1273 1440 αἰδεσθέν-

104 1505 159 1559 τες
182 1489 305 1548 τοῦτον
328 1479 362 1546 οἱ
383 1483 462 1567 περὶ
483 1473 546 1547 τὸν
568 1474 719 1565 Εὔμαιον
744 1482 835 1546 δοῖεν
857 1491 998 1564 παχεῖαν
1024 1485 1165 1565 χλαῖναν
1188 1474 1274 1546 κατά

104 1596 168 1654 τοῦ
188 1596 360 1673 χειμῶνος,
384 1581 486 1655 ὁποία
509 1611 559 1666 τις
581 1580 601 1675 ἦ
624 1580 667 1674 μι)
690 1583 798 1672 μόνον
817 1579 1090 1674 άλεξήνεμοςῑ)
1114 1588 1274 1675 λεγομένη

106 1687 192 1761 άλλά
219 1697 275 1761 καὶ
301 1691 557 1783 χειμάμυναῖ)
590 1686 636 1773 ὡς
664 1693 706 1760 ἐν
733 1690 931 1780 ῥητορικῷ
963 1706 1092 1759 κεῖται
1120 1699 1272 1780 λεξικῷ.
1291 1714 1315 1753 1⁰

194 1803 268 1867 446.
300 1803 473 1868 Eustath.
490 1826 519 1887 p.
539 1803 614 1879 958,
640 1802 691 1866 24.
728 1793 768 1866 τὸ
794 1799 829 1865 δὲ
852 1797 1081 1886 πρωτότοκον
1102 1801 1212 1886 χρέος,
1241 1801 1277 1883 ἐξ

106 1897 148 1974 οὗ
168 1923 292 1995 χρεῖος,
319 1901 372 1975 ὅτι
395 1911 450 1973 καὶ
475 1909 656 1974 ἐκτείνεται
679 1910 736 1973 καὶ
760 1908 986 1988 συστέλλεται,
1010 1910 1107 1995 δηλοῖ
1128 1901 1146 1974 ὃ
1170 1900 1274 1975 οὕτω

106 2011 257 2101 γράψας
276 2015 318 2081 ἐν
336 2013 535 2103 ῥητορικῷ
554 2021 710 2100 λεξικῷ·
732 2015 904 2101 χρέωςῑ)
923 2008 1063 2082 Ἀττικοὶ
1085 2018 1141 2082 καὶ
1154 2009 1276 2097 Ἴωνες,

107 2116 153 2200 ὡς
171 2119 317 2188 Πλάτων
339 2124 396 2188 καὶ
415 2122 629 2210 Δημοσθένης
652 2114 722 2206 [διά
745 2130 807 2187 τοῦ
831 2133 860 2186 ω
884 2115 1008 2208 δηλαδὴ
1030 2118 1199 2208 μεγάλου).
1224 2123 1275 2188 λε’-

106 2247 202 2315 γουσι
225 2229 276 2311 δέ,
304 2247 411 2316 φησι,
437 2231 493 2294 καὶ
514 2229 610 2314 χρέος
634 2228 687 2312 [ἐν
711 2233 855 2312 συστολῇ
880 2224 1059 2315 δηλονότι).
1092 2231 1149 2294 καὶ
1172 2236 1274 2295 τοῦτο
1291 2249 1316 2287 15

105 2337 178 2422 μέν,
201 2354 310 2423 φησι,
339 2336 564 2422 διαφέρουσαν
588 2332 652 2420 ἔχει
674 2332 823 2423 γενικήν·
852 2344 914 2401 τοῦ
934 2335 1053 2420 χρέους
1074 2332 1151 2420 γάρ·
1175 2327 1214 2401 τά
1240 2336 1275 2400 δὲ

105 2443 210 2529 χρέως
237 2437 299 2530 τὴν
327 2436 440 2530 αύτήν.
477 2436 520 2508 τά
549 2439 698 2510 σύνθετα
727 2443 763 2509 δὲ
790 2448 918 2528 μᾶλλον
943 2433 997 2507 διά
1020 2449 1082 2506 τοῦ
1105 2452 1148 2521 ῷ,
1177 2434 1275 2528 ύπέρ-

104 2573 221 2636 χρεως,
244 2542 430 2637 ἀξιόχρεως.
501 2560 502 2563 ’

196 2658 270 2722 447.
297 2658 469 2723 Eustath.
483 2681 513 2742 p.
536 2658 630 2734 1039,
649 2659 700 2721 26.
730 2657 767 2723 ἐκ
787 2657 823 2722 δὲ
840 2665 899 2743 τῆς
917 2661 1018 2742 λαβῆς
1035 2655 1275 2741 χρυσολαβὲς

107 2765 323 2850 ξιφίδιον)
344 2764 380 2830 ἐν
403 2761 603 2851 ῥητορικῷ
625 2770 780 2850 λεξικῷ·
804 2756 843 2829 τά
868 2759 944 2847 ἐ’χον
966 2771 1092 2849 χρυσῆν
1115 2759 1229 2849 λαβήν.
1290 2782 1317 2820 ιν

107 2943 193 2998 etiam
216 2943 412 3011 lexicographo
436 2947 529 2997 nostro
553 2942 731 2997 attribuendo
754 2950 809 3010 est,
833 2941 868 2997 of.
893 2958 919 3012 p.
940 2943 1023 3007 1731,
1047 2943 1081 2997 55
1104 2941 1185 3009 (Plut.
1206 2941 1275 2995 Mor.

106 3032 256 3102 114984).
276 3037 304 3085 ot
321 3049 347 3100 p.
368 3032 446 3098 1488,
465 3033 512 3098 44,
539 3048 605 3100 quos
629 3034 708 3086 modo
731 3031 910 3086 laudavimus.
936 3025 1026 3100 φερνὴ
1045 3030 1162 3084 formum
1180 3031 1276 3085 laudat

107 3121 174 3176 Hos.
190 3117 302 3191 φερνὸς,
324 3116 423 3191 φερνή.
441 3122 509 3176 Lex.
524 3123 637 3175 Bachm.
656 3139 682 3190 p.
697 3121 758 3184 404,
778 3120 820 3175 29.
850 3120 928 3175 Unde
948 3120 1103 3188 corrigatur
1121 3120 1166 3174 vel
1184 3119 1276 3189 potius

107 3209 282 3278 dioiungotur
301 3211 365 3264 Hos.
385 3208 529 3281 δωςφέρνη
549 3211 578 3264 in
598 3212 651 3274 δῷς
670 3210 752 3281 (005)·
772 3207 871 3280 φέρνη.

198 3300 218 3365 ¹)
238 3298 276 3354 01.
296 3300 361 3354 Hes.
382 3297 511 3370 φέρμιον.
531 3300 649 3369 φερνίον
667 3316 712 3369 ap.
731 3300 799 3354 Poll.
814 3300 861 3354 VI.
876 3301 919 3355 94.
942 3297 1067 3370 φέρνιον.
1087 3299 1154 3353 Poll.
1168 3299 1202 3352 X.
1218 3300 1276 3353 132.

108 3389 154 3454 (ο1.
174 3389 275 3443 Herod.
290 3389 311 3442 Ι.
330 3390 392 3455 360,
411 3390 464 3457 24).
493 3389 533 3444 cf.
553 3391 676 3444 Ammon.
696 3391 714 3442 l.
730 3391 748 3444 l.

154 3479 215 3532 443.
236 3479 256 3542 ¹)
275 3478 355 3532 Gonu.
380 3479 455 3534 Suid.
480 3479 545 3534 Hes.
570 3479 614 3532 Et.
639 3479 676 3533 M.
700 3479 767 3547 802,
791 3479 833 3534 53.
857 3477 947 3533 Sohol.
967 3479 1035 3532 Ven.
1060 3478 1093 3531 A.
1117 3479 1153 3531 ad
1173 3478 1201 3530 Γ
1216 3477 1277 3531 243.

108 3567 154 3621 Et.
174 3567 244 3622 Gud.
264 3567 324 3632 559,
343 3568 386 3622 37.

156 3656 218 3711 444.
239 3658 259 3722 ¹)
277 3656 383 3711 Eadem
408 3658 529 3712 auctoris
553 3659 664 3712 nomino
687 3657 788 3712 omisso
810 3674 836 3725 p.
857 3658 939 3718 1666,
959 3657 1001 3710 37.
1031 3655 1071 3710 cf.
1090 3656 1156 3710 Heu.
1175 3655 1220 3709 Et.
1239 3656 1277 3709 M.

110 3746 172 3813 807,
189 3747 233 3800 30.

155 3835 216 3891 445.
237 3837 257 3901 ¹)
277 3835 399 3904 Utraque
418 3837 509 3906 glossa
527 3837 601 3890 redit
619 3853 663 3906 op.
682 3837 759 3891 Eust.
779 3853 805 3905 p.
826 3835 904 3903 1490,
918 3835 958 3888 14.
977 3834 1056 3901 1056,
1075 3834 1118 3888 58.
1137 3831 1204 3886 Poll.
1216 3831 1277 3886 VII.

111 3926 154 3979 61.
175 3926 241 3980 Lex.
262 3926 374 3979 Boohm.
394 3927 459 3990 415,
479 3926 504 3980 5.
523 3957 559 3966 -
581 3921 755 3993 ἅλεξήνεμος
773 3941 816 3994 ap.
835 3920 912 3978 Eust.
932 3941 958 3992 p.
980 3924 1062 3990 1771,
1081 3922 1124 3976 41.
1153 3919 1193 3976 01.
1211 3920 1277 3974 Hos.

201 4015 222 4085 ²)
241 4014 282 4070 cf.
300 4015 367 4069 Hes.
386 4016 487 4069 Aeooh.
507 4014 540 4069 fr.
560 4016 621 4070 443.
640 4016 722 4084 Soph.
741 4014 774 4068 fr.
796 4015 872 4068 1008.
891 4013 998 4068 Nauck.

155 4104 215 4159 446.
243 4103 394 4158 Fusiosime
418 4104 453 4158 do
474 4101 568 4174 χρέως
591 4103 716 4174 disputat
734 4103 835 4158 Herod.
856 4104 931 4171 opud
953 4101 1083 4156 Choorob.
1104 4100 1168 4165 394,
1187 4101 1213 4154 2,
1232 4098 1277 4166 (ΙΙ.

110 4195 172 4262 775,
191 4194 234 4249 36.
245 4211 305 4262 sqq.
325 4194 430 4261 Lentz).

200 4284 222 4350 ι)
242 4282 282 4337 Cf.
302 4283 368 4338 Hos.
389 4284 475 4339 Moer.
495 4301 521 4352 p.
541 4285 604 4350 212,
622 4285 665 4339 33.
685 4282 774 4337 Bekk.
792 4281 836 4335 Et.
856 4281 894 4335 M.
913 4281 974 4348 814,
993 4279 1036 4334 20.

156 4373 216 4428 447.
236 4373 258 4443 1)
278 4373 360 4429 Gonr.
381 4373 448 4429 Lex.
468 4375 580 4429 Boohm.
600 4391 626 4444 p.
646 4373 707 4441 418,
729 4374 769 4427 13.
