<?xml version="1.0" encoding="UTF-8"?>
<!DOCTYPE html PUBLIC "-//W3C//DTD XHTML 1.0 Transitional//EN"
    "http://www.w3.org/TR/xhtml1/DTD/xhtml1-transitional.dtd">
<html xmlns="http://www.w3.org/1999/xhtml" xml:lang="en" lang="en">
 <head>
  <title>
</title>
<meta http-equiv="Content-Type" content="text/html;charset=utf-8" />
  <meta name='ocr-system' content='tesseract 3.04.00' />
  <meta name='ocr-capabilities' content='ocr_page ocr_carea ocr_par ocr_line ocrx_word'/>
</head>
<body>
  <div class='ocr_page' id='page_1' title='image "./aeliidionysiiet00pausgoog_0279.png"; bbox 0 0 3000 5040; ppageno 0'>
   <div class='ocr_carea' id='block_1_1' title="bbox 801 231 866 296">
    <p class='ocr_par' dir='ltr' id='par_1_1' title="bbox 801 231 866 296">
     <span class='ocr_line' id='line_1_1' title="bbox 801 231 866 296; baseline -0.015 0"><span class='ocrx_word' id='word_1_1' title='bbox 801 231 866 296; x_wconf 82' lang='lat'><strong>264</strong></span> 
     </span>
    </p>
   </div>
   <div class='ocr_carea' id='block_1_2' title="bbox 245 388 1421 2870">
    <p class='ocr_par' dir='ltr' id='par_1_2' title="bbox 245 388 1421 802">
     <span class='ocr_line' id='line_1_2' title="bbox 245 388 1420 461; baseline 0 -16"><span class='ocrx_word' id='word_1_2' title='bbox 245 389 457 461; x_wconf 82' lang='lat' dir='ltr'><strong>lexicographos</strong></span> <span class='ocrx_word' id='word_1_3' title='bbox 475 388 717 461; x_wconf 77' lang='lat' dir='ltr'><strong>transmigraverit</strong></span> <span class='ocrx_word' id='word_1_4' title='bbox 735 405 831 446; x_wconf 88' lang='lat' dir='ltr'><strong>necne.</strong></span> <span class='ocrx_word' id='word_1_5' title='bbox 853 421 885 429; x_wconf 87' lang='lat'><em>-</em></span> <span class='ocrx_word' id='word_1_6' title='bbox 906 390 973 446; x_wconf 79' lang='lat' dir='ltr'><strong>Cum</strong></span> <span class='ocrx_word' id='word_1_7' title='bbox 991 389 1076 459; x_wconf 90' lang='lat' dir='ltr'><strong>igitur</strong></span> <span class='ocrx_word' id='word_1_8' title='bbox 1094 388 1124 445; x_wconf 90' lang='lat' dir='ltr'><strong>in</strong></span> <span class='ocrx_word' id='word_1_9' title='bbox 1142 388 1309 460; x_wconf 74' lang='lat' dir='ltr'><strong>fragmentis</strong></span> <span class='ocrx_word' id='word_1_10' title='bbox 1328 389 1420 445; x_wconf 90' lang='lat' dir='ltr'><strong>direc-</strong></span> 
     </span>
     <span class='ocr_line' id='line_1_3' title="bbox 248 478 1421 550; baseline 0.001 -18"><span class='ocrx_word' id='word_1_11' title='bbox 248 480 285 534; x_wconf 88' lang='lat' dir='ltr'><strong>tis</strong></span> <span class='ocrx_word' id='word_1_12' title='bbox 303 486 360 535; x_wconf 88' lang='lat' dir='ltr'><strong>tam</strong></span> <span class='ocrx_word' id='word_1_13' title='bbox 380 481 481 550; x_wconf 85' lang='lat' dir='ltr'><strong>exigua</strong></span> <span class='ocrx_word' id='word_1_14' title='bbox 500 480 629 535; x_wconf 83' lang='lat' dir='ltr'><strong>editionis</strong></span> <span class='ocrx_word' id='word_1_15' title='bbox 649 479 764 534; x_wconf 88' lang='lat' dir='ltr'><strong>alterius</strong></span> <span class='ocrx_word' id='word_1_16' title='bbox 788 478 945 549; x_wconf 85' lang='lat' dir='ltr'><strong>fragmenta</strong></span> <span class='ocrx_word' id='word_1_17' title='bbox 963 484 1130 549; x_wconf 77' lang='lat' dir='ltr'><strong>appareant,</strong></span> <span class='ocrx_word' id='word_1_18' title='bbox 1154 479 1336 534; x_wconf 86' lang='lat' dir='ltr'><strong>temerarium</strong></span> <span class='ocrx_word' id='word_1_19' title='bbox 1357 495 1421 534; x_wconf 89' lang='lat' dir='ltr'><strong>asse</strong></span> 
     </span>
     <span class='ocr_line' id='line_1_4' title="bbox 245 567 1420 639; baseline -0.001 -16"><span class='ocrx_word' id='word_1_20' title='bbox 245 572 312 637; x_wconf 88' lang='lat' dir='ltr'><strong>puto</strong></span> <span class='ocrx_word' id='word_1_21' title='bbox 335 586 351 624; x_wconf 96' lang='lat' dir='ltr'><strong>e</strong></span> <span class='ocrx_word' id='word_1_22' title='bbox 375 570 499 625; x_wconf 77' lang='lat' dir='ltr'><strong>seriebus</strong></span> <span class='ocrx_word' id='word_1_23' title='bbox 523 570 689 639; x_wconf 86' lang='lat' dir='ltr'><strong>glossarum,</strong></span> <span class='ocrx_word' id='word_1_24' title='bbox 715 586 786 638; x_wconf 89' lang='lat' dir='ltr'><strong>quae</strong></span> <span class='ocrx_word' id='word_1_25' title='bbox 810 569 884 639; x_wconf 90' lang='lat' dir='ltr'><strong>apud</strong></span> <span class='ocrx_word' id='word_1_26' title='bbox 902 568 1114 638; x_wconf 87' lang='lat' dir='ltr'><strong>lexicographos</strong></span> <span class='ocrx_word' id='word_1_27' title='bbox 1132 573 1284 639; x_wconf 83' lang='lat' dir='ltr'><strong>apparent,</strong></span> <span class='ocrx_word' id='word_1_28' title='bbox 1309 567 1420 637; x_wconf 90' lang='lat' dir='ltr'><strong>aliquid</strong></span> 
     </span>
     <span class='ocr_line' id='line_1_5' title="bbox 247 656 1419 728; baseline 0.001 -17"><span class='ocrx_word' id='word_1_29' title='bbox 247 658 394 713; x_wconf 89' lang='lat' dir='ltr'><strong>enucleare</strong></span> <span class='ocrx_word' id='word_1_30' title='bbox 415 665 443 713; x_wconf 90' lang='lat' dir='ltr'><strong>et</strong></span> <span class='ocrx_word' id='word_1_31' title='bbox 462 660 579 713; x_wconf 88' lang='lat' dir='ltr'><strong>alteram</strong></span> <span class='ocrx_word' id='word_1_32' title='bbox 600 658 680 727; x_wconf 89' lang='lat' dir='ltr'><strong>quasi</strong></span> <span class='ocrx_word' id='word_1_33' title='bbox 692 662 725 712; x_wconf 84' lang='lat' dir='ltr'><strong>A.</strong></span> <span class='ocrx_word' id='word_1_34' title='bbox 741 657 866 728; x_wconf 83' lang='lat' dir='ltr'><strong>Dionysii</strong></span> <span class='ocrx_word' id='word_1_35' title='bbox 881 658 1031 713; x_wconf 87' lang='lat' dir='ltr'><strong>editionem</strong></span> <span class='ocrx_word' id='word_1_36' title='bbox 1049 657 1098 726; x_wconf 84' lang='lat' dir='ltr'><strong>ita,</strong></span> <span class='ocrx_word' id='word_1_37' title='bbox 1118 663 1149 712; x_wconf 90' lang='lat' dir='ltr'><strong>ut</strong></span> <span class='ocrx_word' id='word_1_38' title='bbox 1166 658 1280 713; x_wconf 86' lang='lat' dir='ltr'><strong>Batavis</strong></span> <span class='ocrx_word' id='word_1_39' title='bbox 1299 656 1419 727; x_wconf 83' lang='lat' dir='ltr'><strong>placuit,</strong></span> 
     </span>
     <span class='ocr_line' id='line_1_6' title="bbox 246 747 494 802; baseline 0.008 -2"><span class='ocrx_word' id='word_1_40' title='bbox 246 747 393 802; x_wconf 82' lang='lat' dir='ltr'><strong>restituere</strong></span> <span class='ocrx_word' id='word_1_41' title='bbox 414 748 494 802; x_wconf 87' lang='lat' dir='ltr'><strong>velle.</strong></span> 
     </span>
    </p>

    <p class='ocr_par' dir='ltr' id='par_1_3' title="bbox 245 836 1420 1441">
     <span class='ocr_line' id='line_1_7' title="bbox 333 836 1420 908; baseline -0.001 -17"><span class='ocrx_word' id='word_1_42' title='bbox 333 838 378 891; x_wconf 86' lang='lat' dir='ltr'><strong>Ad</strong></span> <span class='ocrx_word' id='word_1_43' title='bbox 401 854 428 906; x_wconf 94' lang='lat' dir='ltr'><strong>p.</strong></span> <span class='ocrx_word' id='word_1_44' title='bbox 454 838 496 892; x_wconf 89' lang='lat'><strong>15.</strong></span> <span class='ocrx_word' id='word_1_45' title='bbox 508 854 548 906; x_wconf 89' lang='lat' dir='ltr'><strong>sq.</strong></span> <span class='ocrx_word' id='word_1_46' title='bbox 585 836 805 908; x_wconf 85' lang='lat' dir='ltr'><strong>Etymologicum</strong></span> <span class='ocrx_word' id='word_1_47' title='bbox 832 837 964 906; x_wconf 85' lang='lat' dir='ltr'><strong>Magnum</strong></span> <span class='ocrx_word' id='word_1_48' title='bbox 993 838 1094 891; x_wconf 89' lang='lat' dir='ltr'><strong>iterum</strong></span> <span class='ocrx_word' id='word_1_49' title='bbox 1122 836 1151 891; x_wconf 89' lang='lat' dir='ltr'><strong>in</strong></span> <span class='ocrx_word' id='word_1_50' title='bbox 1179 840 1274 906; x_wconf 91' lang='lat' dir='ltr'><strong>partes</strong></span> <span class='ocrx_word' id='word_1_51' title='bbox 1304 840 1420 892; x_wconf 84' lang='lat' dir='ltr'><strong>vocatur</strong></span> 
     </span>
     <span class='ocr_line' id='line_1_8' title="bbox 245 921 1420 996; baseline 0.001 -17"><span class='ocrx_word' id='word_1_52' title='bbox 245 943 272 995; x_wconf 89' lang='lat' dir='ltr'><strong>p.</strong></span> <span class='ocrx_word' id='word_1_53' title='bbox 293 926 372 994; x_wconf 85' lang='grc'>1443,</span> <span class='ocrx_word' id='word_1_54' title='bbox 391 928 425 981; x_wconf 81' lang='lat'><strong>65</strong></span> <span class='ocrx_word' id='word_1_55' title='bbox 444 929 535 995; x_wconf 82' lang='lat' dir='ltr'><strong>glossa</strong></span> <span class='ocrx_word' id='word_1_56' title='bbox 555 921 668 988; x_wconf 80' lang='grc' dir='ltr'><strong><em>πάλεος.</em></strong></span> <span class='ocrx_word' id='word_1_57' title='bbox 707 926 889 981; x_wconf 89' lang='lat' dir='ltr'><strong>Desideratur</strong></span> <span class='ocrx_word' id='word_1_58' title='bbox 907 927 937 980; x_wconf 92' lang='lat' dir='ltr'><strong>in</strong></span> <span class='ocrx_word' id='word_1_59' title='bbox 956 942 1001 992; x_wconf 87' lang='lat' dir='ltr'><strong>eo,</strong></span> <span class='ocrx_word' id='word_1_60' title='bbox 1021 928 1094 996; x_wconf 87' lang='lat' dir='ltr'><strong>quod</strong></span> <span class='ocrx_word' id='word_1_61' title='bbox 1112 925 1194 982; x_wconf 90' lang='lat' dir='ltr'><strong>hodie</strong></span> <span class='ocrx_word' id='word_1_62' title='bbox 1213 925 1420 993; x_wconf 84' lang='lat' dir='ltr'><strong>circumfertur,</strong></span> 
     </span>
     <span class='ocr_line' id='line_1_9' title="bbox 246 1014 1420 1085; baseline 0 -17"><span class='ocrx_word' id='word_1_63' title='bbox 246 1014 277 1068; x_wconf 82' lang='grc' dir='ltr'><strong>Ε.</strong></span> <span class='ocrx_word' id='word_1_64' title='bbox 298 1016 345 1077; x_wconf 80' lang='lat' dir='ltr'><strong>M..</strong></span> <span class='ocrx_word' id='word_1_65' title='bbox 364 1016 438 1069; x_wconf 89' lang='lat' dir='ltr'><strong>redit</strong></span> <span class='ocrx_word' id='word_1_66' title='bbox 457 1031 522 1070; x_wconf 89' lang='lat' dir='ltr'><strong>vero</strong></span> <span class='ocrx_word' id='word_1_67' title='bbox 540 1015 570 1069; x_wconf 91' lang='lat' dir='ltr'><strong>in</strong></span> <span class='ocrx_word' id='word_1_68' title='bbox 588 1015 633 1070; x_wconf 85' lang='lat' dir='ltr'><strong>Et.</strong></span> <span class='ocrx_word' id='word_1_69' title='bbox 653 1016 725 1070; x_wconf 89' lang='lat' dir='ltr'><strong>Gud.</strong></span> <span class='ocrx_word' id='word_1_70' title='bbox 742 1016 809 1079; x_wconf 79' lang='lat'><strong>447,</strong></span> <span class='ocrx_word' id='word_1_71' title='bbox 828 1016 871 1070; x_wconf 86' lang='grc'><strong>46.</strong></span> <span class='ocrx_word' id='word_1_72' title='bbox 909 1015 976 1070; x_wconf 83' lang='lat' dir='ltr'><strong>Cum</strong></span> <span class='ocrx_word' id='word_1_73' title='bbox 999 1014 1055 1070; x_wconf 91' lang='lat' dir='ltr'><strong>iam</strong></span> <span class='ocrx_word' id='word_1_74' title='bbox 1079 1016 1224 1085; x_wconf 82' lang='lat' dir='ltr'><strong>episcopm</strong></span> <span class='ocrx_word' id='word_1_75' title='bbox 1247 1015 1420 1084; x_wconf 76' lang='lat' dir='ltr'><strong>singularem</strong></span> 
     </span>
     <span class='ocr_line' id='line_1_10' title="bbox 246 1103 1418 1173; baseline 0 -15"><span class='ocrx_word' id='word_1_76' title='bbox 246 1103 321 1158; x_wconf 86' lang='lat' dir='ltr'><strong>vocis</strong></span> <span class='ocrx_word' id='word_1_77' title='bbox 340 1103 457 1159; x_wconf 83' lang='lat' dir='ltr'><strong>formam</strong></span> <span class='ocrx_word' id='word_1_78' title='bbox 476 1110 599 1171; x_wconf 82' lang='lat' dir='ltr'><strong>tueatur,</strong></span> <span class='ocrx_word' id='word_1_79' title='bbox 619 1120 673 1158; x_wconf 93' lang='lat' dir='ltr'><strong>non</strong></span> <span class='ocrx_word' id='word_1_80' title='bbox 692 1108 742 1169; x_wconf 91' lang='lat' dir='ltr'><strong>est,</strong></span> <span class='ocrx_word' id='word_1_81' title='bbox 763 1122 811 1160; x_wconf 91' lang='lat' dir='ltr'><strong>cur</strong></span> <span class='ocrx_word' id='word_1_82' title='bbox 830 1122 891 1160; x_wconf 91' lang='lat' dir='ltr'><strong>cum</strong></span> <span class='ocrx_word' id='word_1_83' title='bbox 910 1104 1018 1160; x_wconf 87' lang='lat' dir='ltr'><strong>Sturzio</strong></span> <span class='ocrx_word' id='word_1_84' title='bbox 1037 1106 1076 1173; x_wconf 75' lang='lat' dir='ltr'><strong>(in</strong></span> <span class='ocrx_word' id='word_1_85' title='bbox 1094 1104 1185 1159; x_wconf 91' lang='lat' dir='ltr'><strong>indice</strong></span> <span class='ocrx_word' id='word_1_86' title='bbox 1204 1120 1225 1159; x_wconf 92' lang='lat' dir='ltr'><strong>s.</strong></span> <span class='ocrx_word' id='word_1_87' title='bbox 1245 1107 1280 1172; x_wconf 82' lang='lat' dir='ltr'><strong>v.)</strong></span> <span class='ocrx_word' id='word_1_88' title='bbox 1302 1104 1337 1159; x_wconf 89' lang='lat' dir='ltr'><strong>de</strong></span> <span class='ocrx_word' id='word_1_89' title='bbox 1356 1119 1418 1159; x_wconf 90' lang='lat' dir='ltr'><strong>cor-</strong></span> 
     </span>
     <span class='ocr_line' id='line_1_11' title="bbox 246 1192 1416 1262; baseline 0 -16"><span class='ocrx_word' id='word_1_90' title='bbox 246 1192 358 1262; x_wconf 89' lang='lat' dir='ltr'><strong>ruptela</strong></span> <span class='ocrx_word' id='word_1_91' title='bbox 384 1193 460 1248; x_wconf 92' lang='lat' dir='ltr'><strong>illius</strong></span> <span class='ocrx_word' id='word_1_92' title='bbox 487 1193 572 1247; x_wconf 82' lang='lat' dir='ltr'><strong>lexici</strong></span> <span class='ocrx_word' id='word_1_93' title='bbox 600 1193 758 1262; x_wconf 90' lang='lat' dir='ltr'><strong>cogitemus.</strong></span> <span class='ocrx_word' id='word_1_94' title='bbox 786 1225 821 1233; x_wconf 91' lang='lat'><em>-</em></span> <span class='ocrx_word' id='word_1_95' title='bbox 849 1194 950 1250; x_wconf 90' lang='lat' dir='ltr'><strong>Suidae</strong></span> <span class='ocrx_word' id='word_1_96' title='bbox 983 1194 1114 1249; x_wconf 89' lang='lat' dir='ltr'><strong>memoria</strong></span> <span class='ocrx_word' id='word_1_97' title='bbox 1145 1194 1246 1248; x_wconf 92' lang='lat' dir='ltr'><strong>iterum</strong></span> <span class='ocrx_word' id='word_1_98' title='bbox 1279 1192 1416 1248; x_wconf 86' lang='lat' dir='ltr'><strong>recurrit:</strong></span> 
     </span>
     <span class='ocr_line' id='line_1_12' title="bbox 245 1280 1418 1354; baseline 0 -18"><span class='ocrx_word' id='word_1_99' title='bbox 245 1300 271 1351; x_wconf 92' lang='lat' dir='ltr'><strong>p.</strong></span> <span class='ocrx_word' id='word_1_100' title='bbox 288 1283 366 1350; x_wconf 82' lang='lat'><strong>1403,</strong></span> <span class='ocrx_word' id='word_1_101' title='bbox 388 1283 429 1337; x_wconf 89' lang='grc'><strong>18.</strong></span> <span class='ocrx_word' id='word_1_102' title='bbox 450 1285 567 1352; x_wconf 82' lang='grc' dir='ltr'><strong><em>φιαλεῐς,</em></strong></span> <span class='ocrx_word' id='word_1_103' title='bbox 587 1300 613 1351; x_wconf 91' lang='lat' dir='ltr'><strong>p.</strong></span> <span class='ocrx_word' id='word_1_104' title='bbox 629 1283 710 1348; x_wconf 82' lang='lat'><strong>1441,</strong></span> <span class='ocrx_word' id='word_1_105' title='bbox 731 1285 779 1337; x_wconf 73' lang='grc' dir='ltr'><strong>12.Ι</strong></span> <span class='ocrx_word' id='word_1_106' title='bbox 792 1280 1012 1354; x_wconf 81' lang='grc' dir='ltr'><em>ποδηγέστερον,</em></span> <span class='ocrx_word' id='word_1_107' title='bbox 1033 1283 1080 1352; x_wconf 90' lang='lat' dir='ltr'><strong>qui</strong></span> <span class='ocrx_word' id='word_1_108' title='bbox 1098 1282 1152 1338; x_wconf 90' lang='lat' dir='ltr'><strong>loci</strong></span> <span class='ocrx_word' id='word_1_109' title='bbox 1170 1283 1255 1351; x_wconf 86' lang='lat' dir='ltr'><strong>plane</strong></span> <span class='ocrx_word' id='word_1_110' title='bbox 1273 1298 1337 1337; x_wconf 86' lang='lat' dir='ltr'><strong>cum</strong></span> <span class='ocrx_word' id='word_1_111' title='bbox 1355 1281 1418 1338; x_wconf 86' lang='lat' dir='ltr'><strong>Sui·</strong></span> 
     </span>
     <span class='ocr_line' id='line_1_13' title="bbox 249 1370 655 1441; baseline 0.002 -17"><span class='ocrx_word' id='word_1_112' title='bbox 249 1370 301 1426; x_wconf 91' lang='lat' dir='ltr'><strong>dae</strong></span> <span class='ocrx_word' id='word_1_113' title='bbox 320 1371 419 1441; x_wconf 86' lang='lat' dir='ltr'><strong>glossis</strong></span> <span class='ocrx_word' id='word_1_114' title='bbox 439 1375 600 1441; x_wconf 84' lang='lat' dir='ltr'><strong>congruunt.</strong></span> <span class='ocrx_word' id='word_1_115' title='bbox 619 1402 655 1411; x_wconf 94' lang='lat'><em>-</em></span> 
     </span>
    </p>

    <p class='ocr_par' dir='ltr' id='par_1_4' title="bbox 247 1460 1421 1976">
     <span class='ocr_line' id='line_1_14' title="bbox 338 1460 1419 1531; baseline 0 -16"><span class='ocrx_word' id='word_1_116' title='bbox 338 1461 382 1515; x_wconf 85' lang='lat' dir='ltr'><strong>Ad</strong></span> <span class='ocrx_word' id='word_1_117' title='bbox 401 1478 428 1530; x_wconf 94' lang='lat' dir='ltr'><strong>p.</strong></span> <span class='ocrx_word' id='word_1_118' title='bbox 449 1463 490 1516; x_wconf 88' lang='lat'><strong>16.</strong></span> <span class='ocrx_word' id='word_1_119' title='bbox 521 1461 651 1515; x_wconf 79' lang='lat' dir='ltr'><strong>Fortasse</strong></span> <span class='ocrx_word' id='word_1_120' title='bbox 671 1460 816 1530; x_wconf 88' lang='lat' dir='ltr'><strong>episcopus</strong></span> <span class='ocrx_word' id='word_1_121' title='bbox 834 1477 889 1516; x_wconf 90' lang='lat' dir='ltr'><strong>non</strong></span> <span class='ocrx_word' id='word_1_122' title='bbox 907 1462 943 1517; x_wconf 93' lang='lat' dir='ltr'><strong>ad</strong></span> <span class='ocrx_word' id='word_1_123' title='bbox 963 1460 1161 1531; x_wconf 87' lang='lat' dir='ltr'><strong>Alciphronem</strong></span> <span class='ocrx_word' id='word_1_124' title='bbox 1179 1460 1419 1530; x_wconf 88' lang='lat' dir='ltr'><strong>lexicographum,</strong></span> 
     </span>
     <span class='ocr_line' id='line_1_15' title="bbox 247 1549 1419 1619; baseline 0.001 -16"><span class='ocrx_word' id='word_1_125' title='bbox 247 1550 296 1604; x_wconf 91' lang='lat' dir='ltr'><strong>sed</strong></span> <span class='ocrx_word' id='word_1_126' title='bbox 308 1551 344 1604; x_wconf 89' lang='lat' dir='ltr'><strong>ad</strong></span> <span class='ocrx_word' id='word_1_127' title='bbox 359 1549 612 1618; x_wconf 89' lang='lat' dir='ltr'><strong>epistolographum</strong></span> <span class='ocrx_word' id='word_1_128' title='bbox 624 1549 806 1617; x_wconf 89' lang='lat' dir='ltr'><strong>notissimum,</strong></span> <span class='ocrx_word' id='word_1_129' title='bbox 824 1555 853 1604; x_wconf 92' lang='lat' dir='ltr'><strong>et</strong></span> <span class='ocrx_word' id='word_1_130' title='bbox 865 1551 955 1619; x_wconf 89' lang='lat' dir='ltr'><strong>ipsum</strong></span> <span class='ocrx_word' id='word_1_131' title='bbox 970 1549 1103 1605; x_wconf 88' lang='lat' dir='ltr'><strong>atticismi</strong></span> <span class='ocrx_word' id='word_1_132' title='bbox 1117 1553 1283 1605; x_wconf 87' lang='lat' dir='ltr'><strong>sectatorem</strong></span> <span class='ocrx_word' id='word_1_133' title='bbox 1295 1549 1419 1605; x_wconf 86' lang='lat' dir='ltr'><strong>maxime</strong></span> 
     </span>
     <span class='ocr_line' id='line_1_16' title="bbox 248 1637 1419 1708; baseline 0.001 -16"><span class='ocrx_word' id='word_1_134' title='bbox 248 1643 389 1693; x_wconf 92' lang='lat' dir='ltr'><strong>strenuum</strong></span> <span class='ocrx_word' id='word_1_135' title='bbox 410 1639 497 1708; x_wconf 86' lang='lat' dir='ltr'><strong>(nulla</strong></span> <span class='ocrx_word' id='word_1_136' title='bbox 516 1639 575 1693; x_wconf 88' lang='lat' dir='ltr'><strong>fere</strong></span> <span class='ocrx_word' id='word_1_137' title='bbox 595 1639 655 1693; x_wconf 90' lang='lat' dir='ltr'><strong>eius</strong></span> <span class='ocrx_word' id='word_1_138' title='bbox 674 1640 794 1694; x_wconf 89' lang='lat' dir='ltr'><strong>occurrit</strong></span> <span class='ocrx_word' id='word_1_139' title='bbox 813 1638 945 1708; x_wconf 89' lang='lat' dir='ltr'><strong>epistola,</strong></span> <span class='ocrx_word' id='word_1_140' title='bbox 970 1655 1040 1708; x_wconf 90' lang='lat' dir='ltr'><strong>quae</strong></span> <span class='ocrx_word' id='word_1_141' title='bbox 1063 1656 1119 1695; x_wconf 89' lang='lat' dir='ltr'><strong>non</strong></span> <span class='ocrx_word' id='word_1_142' title='bbox 1137 1637 1332 1695; x_wconf 87' lang='lat' dir='ltr'><strong>vetustissimis</strong></span> <span class='ocrx_word' id='word_1_143' title='bbox 1350 1639 1419 1695; x_wconf 92' lang='lat' dir='ltr'><strong>atti-</strong></span> 
     </span>
     <span class='ocr_line' id='line_1_17' title="bbox 249 1723 1420 1799; baseline 0.002 -17"><span class='ocrx_word' id='word_1_144' title='bbox 249 1727 327 1782; x_wconf 87' lang='lat' dir='ltr'><strong>cismi</strong></span> <span class='ocrx_word' id='word_1_145' title='bbox 343 1728 440 1796; x_wconf 83' lang='lat' dir='ltr'><strong>glossis</strong></span> <span class='ocrx_word' id='word_1_146' title='bbox 453 1728 558 1783; x_wconf 86' lang='lat' dir='ltr'><strong>referta</strong></span> <span class='ocrx_word' id='word_1_147' title='bbox 571 1731 716 1798; x_wconf 89' lang='lat' dir='ltr'><strong>appareat)</strong></span> <span class='ocrx_word' id='word_1_148' title='bbox 731 1729 863 1797; x_wconf 88' lang='lat' dir='ltr'><strong>respexit.</strong></span> <span class='ocrx_word' id='word_1_149' title='bbox 885 1723 1053 1797; x_wconf 75' lang='grc' dir='ltr'><em>Ἀττικιστής</em></span> <span class='ocrx_word' id='word_1_150' title='bbox 1065 1745 1117 1783; x_wconf 86' lang='lat' dir='ltr'><strong>vox</strong></span> <span class='ocrx_word' id='word_1_151' title='bbox 1130 1730 1204 1784; x_wconf 90' lang='lat' dir='ltr'><strong>enim</strong></span> <span class='ocrx_word' id='word_1_152' title='bbox 1216 1728 1303 1784; x_wconf 91' lang='lat' dir='ltr'><strong>etiam</strong></span> <span class='ocrx_word' id='word_1_153' title='bbox 1315 1745 1342 1799; x_wconf 92' lang='lat' dir='ltr'><strong>p.</strong></span> <span class='ocrx_word' id='word_1_154' title='bbox 1356 1729 1420 1796; x_wconf 77' lang='grc'>127,</span> 
     </span>
     <span class='ocr_line' id='line_1_18' title="bbox 247 1812 1421 1890; baseline 0.003 -21"><span class='ocrx_word' id='word_1_155' title='bbox 247 1815 289 1870; x_wconf 83' lang='grc'>41,</span> <span class='ocrx_word' id='word_1_156' title='bbox 310 1812 398 1886; x_wconf 81' lang='grc' dir='ltr'>(παρὰ</span> <span class='ocrx_word' id='word_1_157' title='bbox 417 1820 459 1890; x_wconf 78' lang='grc' dir='ltr'><strong>τῷ</strong></span> <span class='ocrx_word' id='word_1_158' title='bbox 477 1819 559 1889; x_wconf 78' lang='grc' dir='ltr'><em>καλῷ</em></span> <span class='ocrx_word' id='word_1_159' title='bbox 574 1813 727 1887; x_wconf 74' lang='grc' dir='ltr'><em>Ἀττικιστῇ</em></span> <span class='ocrx_word' id='word_1_160' title='bbox 749 1818 878 1889; x_wconf 79' lang='grc' dir='ltr'>κωμικῷ)</span> <span class='ocrx_word' id='word_1_161' title='bbox 903 1817 943 1873; x_wconf 86' lang='lat' dir='ltr'><strong>ita</strong></span> <span class='ocrx_word' id='word_1_162' title='bbox 967 1818 1095 1874; x_wconf 86' lang='lat' dir='ltr'><strong>adhibita</strong></span> <span class='ocrx_word' id='word_1_163' title='bbox 1119 1824 1173 1884; x_wconf 85' lang='lat' dir='ltr'><strong>est,</strong></span> <span class='ocrx_word' id='word_1_164' title='bbox 1201 1823 1232 1872; x_wconf 90' lang='lat' dir='ltr'><strong>ut</strong></span> <span class='ocrx_word' id='word_1_165' title='bbox 1256 1818 1292 1872; x_wconf 87' lang='lat' dir='ltr'><strong>ad</strong></span> <span class='ocrx_word' id='word_1_166' title='bbox 1316 1821 1421 1873; x_wconf 84' lang='lat' dir='ltr'><strong>testem</strong></span> 
     </span>
     <span class='ocr_line' id='line_1_19' title="bbox 248 1904 938 1976; baseline 0.006 -18"><span class='ocrx_word' id='word_1_167' title='bbox 248 1904 390 1973; x_wconf 87' lang='lat' dir='ltr'><strong>atticismi,</strong></span> <span class='ocrx_word' id='word_1_168' title='bbox 409 1922 463 1961; x_wconf 90' lang='lat' dir='ltr'><strong>non</strong></span> <span class='ocrx_word' id='word_1_169' title='bbox 482 1913 693 1976; x_wconf 87' lang='lat' dir='ltr'><strong>praeceptorem</strong></span> <span class='ocrx_word' id='word_1_170' title='bbox 710 1906 810 1961; x_wconf 91' lang='lat' dir='ltr'><strong>referri</strong></span> <span class='ocrx_word' id='word_1_171' title='bbox 829 1907 938 1962; x_wconf 90' lang='lat' dir='ltr'><strong>debeat.</strong></span> 
     </span>
    </p>

    <p class='ocr_par' dir='ltr' id='par_1_5' title="bbox 247 1994 1421 2780">
     <span class='ocr_line' id='line_1_20' title="bbox 318 1994 1421 2066; baseline 0.003 -19"><span class='ocrx_word' id='word_1_172' title='bbox 318 1995 363 2048; x_wconf 87' lang='lat' dir='ltr'><strong>Ad</strong></span> <span class='ocrx_word' id='word_1_173' title='bbox 381 2011 408 2062; x_wconf 96' lang='lat' dir='ltr'><strong>p.</strong></span> <span class='ocrx_word' id='word_1_174' title='bbox 427 1997 470 2049; x_wconf 88' lang='lat'><strong>38.</strong></span> <span class='ocrx_word' id='word_1_175' title='bbox 508 1996 550 2050; x_wconf 88' lang='lat' dir='ltr'><strong>Ne</strong></span> <span class='ocrx_word' id='word_1_176' title='bbox 570 2002 666 2050; x_wconf 89' lang='lat' dir='ltr'><strong>contra</strong></span> <span class='ocrx_word' id='word_1_177' title='bbox 683 2012 728 2050; x_wconf 90' lang='lat' dir='ltr'><strong>me</strong></span> <span class='ocrx_word' id='word_1_178' title='bbox 747 1997 836 2065; x_wconf 92' lang='lat' dir='ltr'><strong>ipsum</strong></span> <span class='ocrx_word' id='word_1_179' title='bbox 856 2000 893 2066; x_wconf 93' lang='lat' dir='ltr'><strong>(p.</strong></span> <span class='ocrx_word' id='word_1_180' title='bbox 912 1997 965 2062; x_wconf 87' lang='lat'><strong>65.)</strong></span> <span class='ocrx_word' id='word_1_181' title='bbox 984 2012 1108 2066; x_wconf 89' lang='lat' dir='ltr'><strong>pugnare</strong></span> <span class='ocrx_word' id='word_1_182' title='bbox 1126 1995 1231 2063; x_wconf 88' lang='lat' dir='ltr'><strong>videar,</strong></span> <span class='ocrx_word' id='word_1_183' title='bbox 1250 2011 1296 2050; x_wconf 90' lang='lat' dir='ltr'><strong>res</strong></span> <span class='ocrx_word' id='word_1_184' title='bbox 1315 1994 1421 2050; x_wconf 86' lang='lat' dir='ltr'><strong>iterum</strong></span> 
     </span>
     <span class='ocr_line' id='line_1_21' title="bbox 247 2081 1420 2155; baseline 0.004 -20"><span class='ocrx_word' id='word_1_185' title='bbox 247 2081 288 2136; x_wconf 88' lang='lat' dir='ltr'><strong>ita</strong></span> <span class='ocrx_word' id='word_1_186' title='bbox 306 2082 477 2138; x_wconf 88' lang='lat' dir='ltr'><strong>instituenda</strong></span> <span class='ocrx_word' id='word_1_187' title='bbox 497 2089 551 2138; x_wconf 90' lang='lat' dir='ltr'><strong>est:</strong></span> <span class='ocrx_word' id='word_1_188' title='bbox 580 2087 663 2154; x_wconf 89' lang='lat' dir='ltr'><strong>Apud</strong></span> <span class='ocrx_word' id='word_1_189' title='bbox 682 2085 843 2153; x_wconf 85' lang='lat' dir='ltr'><strong>atticistam,</strong></span> <span class='ocrx_word' id='word_1_190' title='bbox 864 2087 973 2155; x_wconf 89' lang='lat' dir='ltr'><strong>qualem</strong></span> <span class='ocrx_word' id='word_1_191' title='bbox 993 2085 1137 2154; x_wconf 86' lang='lat' dir='ltr'><strong>episcopus</strong></span> <span class='ocrx_word' id='word_1_192' title='bbox 1156 2085 1295 2153; x_wconf 88' lang='lat' dir='ltr'><strong>laudavit,</strong></span> <span class='ocrx_word' id='word_1_193' title='bbox 1314 2085 1420 2155; x_wconf 88' lang='lat' dir='ltr'><strong>Dioge-</strong></span> 
     </span>
     <span class='ocr_line' id='line_1_22' title="bbox 249 2172 1421 2245; baseline 0.002 -19"><span class='ocrx_word' id='word_1_194' title='bbox 249 2173 326 2227; x_wconf 90' lang='lat' dir='ltr'><strong>niani</strong></span> <span class='ocrx_word' id='word_1_195' title='bbox 345 2172 438 2241; x_wconf 89' lang='lat' dir='ltr'><strong>opinio</strong></span> <span class='ocrx_word' id='word_1_196' title='bbox 457 2189 512 2228; x_wconf 90' lang='lat' dir='ltr'><strong>non</strong></span> <span class='ocrx_word' id='word_1_197' title='bbox 530 2174 616 2237; x_wconf 89' lang='lat' dir='ltr'><strong>redit,</strong></span> <span class='ocrx_word' id='word_1_198' title='bbox 636 2175 685 2229; x_wconf 89' lang='lat' dir='ltr'><strong>sed</strong></span> <span class='ocrx_word' id='word_1_199' title='bbox 704 2180 799 2230; x_wconf 87' lang='lat' dir='ltr'><strong>contra</strong></span> <span class='ocrx_word' id='word_1_200' title='bbox 817 2176 896 2230; x_wconf 90' lang='lat' dir='ltr'><strong>illum</strong></span> <span class='ocrx_word' id='word_1_201' title='bbox 915 2191 1039 2245; x_wconf 90' lang='lat' dir='ltr'><strong>pugnare</strong></span> <span class='ocrx_word' id='word_1_202' title='bbox 1058 2175 1174 2229; x_wconf 85' lang='lat' dir='ltr'><strong>ridetur.</strong></span> <span class='ocrx_word' id='word_1_203' title='bbox 1211 2173 1421 2244; x_wconf 85' lang='lat' dir='ltr'><strong>Lexicographi</strong></span> 
     </span>
     <span class='ocr_line' id='line_1_23' title="bbox 248 2263 1419 2332; baseline 0.005 -18"><span class='ocrx_word' id='word_1_204' title='bbox 248 2276 313 2315; x_wconf 84' lang='lat' dir='ltr'><strong>vero</strong></span> <span class='ocrx_word' id='word_1_205' title='bbox 326 2263 494 2330; x_wconf 88' lang='lat' dir='ltr'><strong>posteriores</strong></span> <span class='ocrx_word' id='word_1_206' title='bbox 508 2263 543 2317; x_wconf 85' lang='lat' dir='ltr'><strong>ad</strong></span> <span class='ocrx_word' id='word_1_207' title='bbox 556 2263 758 2332; x_wconf 87' lang='lat' dir='ltr'><strong>Diogenisnum</strong></span> <span class='ocrx_word' id='word_1_208' title='bbox 774 2266 812 2332; x_wconf 69' lang='lat' dir='ltr'><strong>(in</strong></span> <span class='ocrx_word' id='word_1_209' title='bbox 826 2265 915 2320; x_wconf 85' lang='lat' dir='ltr'><strong>Schol.</strong></span> <span class='ocrx_word' id='word_1_210' title='bbox 928 2264 1009 2332; x_wconf 87' lang='lat' dir='ltr'><strong>Plat.)</strong></span> <span class='ocrx_word' id='word_1_211' title='bbox 1021 2269 1213 2332; x_wconf 86' lang='lat' dir='ltr'><strong>respexerunt,</strong></span> <span class='ocrx_word' id='word_1_212' title='bbox 1232 2270 1262 2318; x_wconf 89' lang='lat' dir='ltr'><strong>et</strong></span> <span class='ocrx_word' id='word_1_213' title='bbox 1273 2263 1340 2319; x_wconf 91' lang='lat' dir='ltr'><strong>inde</strong></span> <span class='ocrx_word' id='word_1_214' title='bbox 1353 2280 1419 2320; x_wconf 89' lang='lat' dir='ltr'><strong>con-</strong></span> 
     </span>
     <span class='ocr_line' id='line_1_24' title="bbox 248 2336 1420 2424; baseline 0.003 -20"><span class='ocrx_word' id='word_1_215' title='bbox 248 2351 413 2405; x_wconf 87' lang='lat' dir='ltr'><strong>cludendum</strong></span> <span class='ocrx_word' id='word_1_216' title='bbox 434 2356 483 2416; x_wconf 89' lang='lat' dir='ltr'><strong>est,</strong></span> <span class='ocrx_word' id='word_1_217' title='bbox 503 2353 596 2406; x_wconf 89' lang='lat' dir='ltr'><strong>Photii</strong></span> <span class='ocrx_word' id='word_1_218' title='bbox 615 2353 716 2409; x_wconf 89' lang='lat' dir='ltr'><strong>Suidae</strong></span> <span class='ocrx_word' id='word_1_219' title='bbox 735 2353 869 2423; x_wconf 86' lang='lat' dir='ltr'><strong>Hesychii</strong></span> <span class='ocrx_word' id='word_1_220' title='bbox 887 2355 991 2422; x_wconf 86' lang='lat' dir='ltr'><strong>glossas</strong></span> <span class='ocrx_word' id='word_1_221' title='bbox 1012 2369 1046 2408; x_wconf 87' lang='lat' dir='ltr'><strong>ex</strong></span> <span class='ocrx_word' id='word_1_222' title='bbox 1065 2336 1202 2408; x_wconf 81' lang='lat' dir='ltr'><strong>communi</strong></span> <span class='ocrx_word' id='word_1_223' title='bbox 1219 2352 1296 2407; x_wconf 87' lang='lat' dir='ltr'><strong>fonte</strong></span> <span class='ocrx_word' id='word_1_224' title='bbox 1315 2353 1420 2424; x_wconf 89' lang='lat' dir='ltr'><strong>Dioge·</strong></span> 
     </span>
     <span class='ocr_line' id='line_1_25' title="bbox 247 2439 1420 2512; baseline 0.003 -18"><span class='ocrx_word' id='word_1_225' title='bbox 247 2439 325 2495; x_wconf 87' lang='lat' dir='ltr'><strong>niani</strong></span> <span class='ocrx_word' id='word_1_226' title='bbox 345 2444 374 2494; x_wconf 92' lang='lat' dir='ltr'><strong>et</strong></span> <span class='ocrx_word' id='word_1_227' title='bbox 391 2444 425 2495; x_wconf 86' lang='lat' dir='ltr'><strong>A.</strong></span> <span class='ocrx_word' id='word_1_228' title='bbox 443 2442 570 2512; x_wconf 80' lang='lat' dir='ltr'><strong>Dionysii</strong></span> <span class='ocrx_word' id='word_1_229' title='bbox 589 2443 625 2496; x_wconf 86' lang='lat' dir='ltr'><strong>ad</strong></span> <span class='ocrx_word' id='word_1_230' title='bbox 643 2459 692 2497; x_wconf 87' lang='lat' dir='ltr'><strong>nos</strong></span> <span class='ocrx_word' id='word_1_231' title='bbox 711 2443 878 2512; x_wconf 89' lang='lat' dir='ltr'><strong>pervenisse.</strong></span> <span class='ocrx_word' id='word_1_232' title='bbox 910 2443 987 2512; x_wconf 79' lang='lat' dir='ltr'><strong>Quae</strong></span> <span class='ocrx_word' id='word_1_233' title='bbox 1006 2443 1100 2512; x_wconf 88' lang='lat' dir='ltr'><strong>opinio</strong></span> <span class='ocrx_word' id='word_1_234' title='bbox 1118 2443 1174 2497; x_wconf 90' lang='lat' dir='ltr'><strong>iam</strong></span> <span class='ocrx_word' id='word_1_235' title='bbox 1192 2441 1258 2496; x_wconf 88' lang='lat' dir='ltr'><strong>inde</strong></span> <span class='ocrx_word' id='word_1_236' title='bbox 1277 2457 1420 2498; x_wconf 89' lang='lat' dir='ltr'><strong>commen·</strong></span> 
     </span>
     <span class='ocr_line' id='line_1_26' title="bbox 248 2531 1420 2602; baseline 0.003 -19"><span class='ocrx_word' id='word_1_237' title='bbox 248 2531 342 2597; x_wconf 90' lang='lat' dir='ltr'><strong>datur,</strong></span> <span class='ocrx_word' id='word_1_238' title='bbox 367 2531 438 2597; x_wconf 90' lang='lat' dir='ltr'><strong>quod</strong></span> <span class='ocrx_word' id='word_1_239' title='bbox 457 2537 536 2585; x_wconf 88' lang='lat' dir='ltr'><strong>vetus</strong></span> <span class='ocrx_word' id='word_1_240' title='bbox 556 2533 684 2586; x_wconf 91' lang='lat' dir='ltr'><strong>mendum</strong></span> <span class='ocrx_word' id='word_1_241' title='bbox 702 2533 803 2601; x_wconf 88' lang='lat' dir='ltr'><strong>ubique</strong></span> <span class='ocrx_word' id='word_1_242' title='bbox 822 2532 973 2602; x_wconf 89' lang='lat' dir='ltr'><strong>repetitum</strong></span> <span class='ocrx_word' id='word_1_243' title='bbox 992 2532 1036 2599; x_wconf 86' lang='lat' dir='ltr'><strong>(cf.</strong></span> <span class='ocrx_word' id='word_1_244' title='bbox 1056 2550 1083 2601; x_wconf 89' lang='lat' dir='ltr'><strong>p.</strong></span> <span class='ocrx_word' id='word_1_245' title='bbox 1102 2533 1145 2587; x_wconf 74' lang='lat'><strong>37.</strong></span> <span class='ocrx_word' id='word_1_246' title='bbox 1164 2534 1219 2587; x_wconf 90' lang='lat' dir='ltr'><strong>not.</strong></span> <span class='ocrx_word' id='word_1_247' title='bbox 1239 2532 1276 2597; x_wconf 82' lang='lat'><strong>2.)</strong></span> <span class='ocrx_word' id='word_1_248' title='bbox 1295 2537 1325 2586; x_wconf 89' lang='lat' dir='ltr'><strong>et</strong></span> <span class='ocrx_word' id='word_1_249' title='bbox 1342 2533 1420 2601; x_wconf 85' lang='lat' dir='ltr'><strong>apud</strong></span> 
     </span>
     <span class='ocr_line' id='line_1_27' title="bbox 248 2619 1420 2690; baseline 0.002 -16"><span class='ocrx_word' id='word_1_250' title='bbox 248 2619 410 2689; x_wconf 89' lang='lat' dir='ltr'><strong>Dionysium</strong></span> <span class='ocrx_word' id='word_1_251' title='bbox 434 2624 463 2674; x_wconf 92' lang='lat' dir='ltr'><strong>et</strong></span> <span class='ocrx_word' id='word_1_252' title='bbox 486 2622 560 2689; x_wconf 89' lang='lat' dir='ltr'><strong>apud</strong></span> <span class='ocrx_word' id='word_1_253' title='bbox 579 2621 781 2690; x_wconf 85' lang='lat' dir='ltr'><strong>Diogeuianum</strong></span> <span class='ocrx_word' id='word_1_254' title='bbox 803 2622 896 2676; x_wconf 90' lang='lat' dir='ltr'><strong>redire</strong></span> <span class='ocrx_word' id='word_1_255' title='bbox 917 2622 1041 2676; x_wconf 87' lang='lat' dir='ltr'><strong>vidimus.</strong></span> <span class='ocrx_word' id='word_1_256' title='bbox 1079 2622 1138 2676; x_wconf 92' lang='lat' dir='ltr'><strong>Hoc</strong></span> <span class='ocrx_word' id='word_1_257' title='bbox 1156 2621 1216 2676; x_wconf 90' lang='lat' dir='ltr'><strong>loco</strong></span> <span class='ocrx_word' id='word_1_258' title='bbox 1235 2620 1363 2676; x_wconf 87' lang='lat' dir='ltr'><strong>atticista</strong></span> <span class='ocrx_word' id='word_1_259' title='bbox 1382 2623 1420 2676; x_wconf 87' lang='lat' dir='ltr'><strong>ad</strong></span> 
     </span>
     <span class='ocr_line' id='line_1_28' title="bbox 249 2709 1273 2780; baseline 0.002 -18"><span class='ocrx_word' id='word_1_260' title='bbox 249 2709 368 2776; x_wconf 88' lang='lat' dir='ltr'><strong>priorem</strong></span> <span class='ocrx_word' id='word_1_261' title='bbox 388 2709 493 2765; x_wconf 83' lang='lat' dir='ltr'><strong>fontem</strong></span> <span class='ocrx_word' id='word_1_262' title='bbox 512 2710 606 2778; x_wconf 88' lang='lat' dir='ltr'><strong>rediit,</strong></span> <span class='ocrx_word' id='word_1_263' title='bbox 626 2710 696 2764; x_wconf 87' lang='lat' dir='ltr'><strong>alias</strong></span> <span class='ocrx_word' id='word_1_264' title='bbox 716 2727 780 2765; x_wconf 84' lang='lat' dir='ltr'><strong>vero</strong></span> <span class='ocrx_word' id='word_1_265' title='bbox 800 2711 1000 2779; x_wconf 88' lang='lat' dir='ltr'><strong>Diogenianum</strong></span> <span class='ocrx_word' id='word_1_266' title='bbox 1019 2711 1110 2780; x_wconf 89' lang='lat' dir='ltr'><strong>ipsum</strong></span> <span class='ocrx_word' id='word_1_267' title='bbox 1130 2710 1273 2779; x_wconf 86' lang='lat' dir='ltr'><strong>expilavit.</strong></span> 
     </span>
    </p>

    <p class='ocr_par' dir='ltr' id='par_1_6' title="bbox 337 2797 1420 2870">
     <span class='ocr_line' id='line_1_29' title="bbox 337 2797 1420 2870; baseline 0.003 -20"><span class='ocrx_word' id='word_1_268' title='bbox 337 2797 381 2850; x_wconf 88' lang='lat' dir='ltr'><strong>Ad</strong></span> <span class='ocrx_word' id='word_1_269' title='bbox 401 2816 427 2866; x_wconf 95' lang='lat' dir='ltr'><strong>p.</strong></span> <span class='ocrx_word' id='word_1_270' title='bbox 448 2801 489 2854; x_wconf 84' lang='lat'><strong>77.</strong></span> <span class='ocrx_word' id='word_1_271' title='bbox 518 2799 638 2853; x_wconf 92' lang='lat' dir='ltr'><strong>Ultimus</strong></span> <span class='ocrx_word' id='word_1_272' title='bbox 663 2807 792 2855; x_wconf 85' lang='lat' dir='ltr'><strong>accurate</strong></span> <span class='ocrx_word' id='word_1_273' title='bbox 816 2801 850 2854; x_wconf 89' lang='lat' dir='ltr'><strong>de</strong></span> <span class='ocrx_word' id='word_1_274' title='bbox 874 2800 1061 2855; x_wconf 87' lang='lat' dir='ltr'><strong>antiatticista</strong></span> <span class='ocrx_word' id='word_1_275' title='bbox 1084 2800 1142 2870; x_wconf 85' lang='lat' dir='ltr'><strong>egit</strong></span> <span class='ocrx_word' id='word_1_276' title='bbox 1165 2800 1277 2868; x_wconf 89' lang='lat' dir='ltr'><strong>eiusque</strong></span> <span class='ocrx_word' id='word_1_277' title='bbox 1297 2799 1420 2868; x_wconf 87' lang='lat' dir='ltr'><strong>opellam</strong></span> 
     </span>
    </p>
   </div>
   <div class='ocr_carea' id='block_1_3' title="bbox 248 2881 1418 3046">
    <p class='ocr_par' dir='ltr' id='par_1_7' title="bbox 248 2881 1418 3046">
     <span class='ocr_line' id='line_1_30' title="bbox 248 2881 1418 2959; baseline 0.003 -20"><span class='ocrx_word' id='word_1_278' title='bbox 248 2886 342 2940; x_wconf 87' lang='lat' dir='ltr'><strong>multis</strong></span> <span class='ocrx_word' id='word_1_279' title='bbox 362 2889 490 2941; x_wconf 90' lang='lat' dir='ltr'><strong>monstris</strong></span> <span class='ocrx_word' id='word_1_280' title='bbox 510 2888 642 2942; x_wconf 85' lang='lat' dir='ltr'><strong>liberavit</strong></span> <span class='ocrx_word' id='word_1_281' title='bbox 659 2890 690 2944; x_wconf 86' lang='lat' dir='ltr'><strong>L.</strong></span> <span class='ocrx_word' id='word_1_282' title='bbox 710 2891 734 2945; x_wconf 91' lang='lat' dir='ltr'><strong>J.</strong></span> <span class='ocrx_word' id='word_1_283' title='bbox 755 2890 881 2959; x_wconf 86' lang='lat' dir='ltr'><strong>Sieking,</strong></span> <span class='ocrx_word' id='word_1_284' title='bbox 905 2890 1106 2945; x_wconf 85' lang='lat' dir='ltr'><strong>Adnotaticnes</strong></span> <span class='ocrx_word' id='word_1_285' title='bbox 1130 2889 1165 2944; x_wconf 89' lang='lat' dir='ltr'><strong>ad</strong></span> <span class='ocrx_word' id='word_1_286' title='bbox 1184 2881 1418 2944; x_wconf 74' lang='lat' dir='ltr'><strong>Antiatticistam.</strong></span> 
     </span>
     <span class='ocr_line' id='line_1_31' title="bbox 248 2975 628 3046; baseline 0.003 -16"><span class='ocrx_word' id='word_1_287' title='bbox 248 2975 400 3030; x_wconf 85' lang='lat' dir='ltr'><strong>Amstelod.</strong></span> <span class='ocrx_word' id='word_1_288' title='bbox 425 2977 499 3031; x_wconf 80' lang='lat'><strong>1883.</strong></span> <span class='ocrx_word' id='word_1_289' title='bbox 521 2979 572 3032; x_wconf 79' lang='lat'><strong>125</strong></span> <span class='ocrx_word' id='word_1_290' title='bbox 582 2994 628 3046; x_wconf 90' lang='lat' dir='ltr'><strong>pp.</strong></span> 
     </span>
    </p>
   </div>
   <div class='ocr_carea' id='block_1_4' title="bbox 0 0 1507 5040">
    <p class='ocr_par' dir='ltr' id='par_1_8' title="bbox 0 0 1507 5040">
     <span class='ocr_line' id='line_1_32' title="bbox 0 0 1507 5040; baseline 0 0"><span class='ocrx_word' id='word_1_291' title='bbox 0 0 1507 5040; x_wconf 95' lang='lat' dir='ltr'><strong> </strong></span> 
     </span>
    </p>
   </div>
  </div>
 </body>
</html>
