3000 5040
680 219 742 283 118

121 379 177 446 ἐπὶ
204 385 275 444 τῶν
303 373 418 455 ἄλλοις
444 374 670 463 μοχθούντων
697 369 737 443 τὸ
766 376 824 457 ,ἐν
846 373 1011 461 τετράδι
1033 383 1300 464 γεννηθῆναι(

121 477 207 551 κατά
239 480 301 551 τὸν
324 478 485 570 Ἡρακλέα
514 476 653 571 δηλαδὴ,
686 474 723 562 ὃς
756 482 793 549 ἐν
819 475 924 570 μηνύς
950 478 1094 570 τετάρτῃ
1121 485 1300 571 γεννηθεὶς

121 586 235 670 ἄλλοις
257 585 402 678 ἢθλειδ).

212 699 262 762 73.
295 699 470 764 Eustath.
489 721 519 783 p.
541 698 640 775 1535,
661 697 710 763 17.
743 698 800 762 καὶ
829 688 1062 783 άπαρκίαςῑ)
1091 690 1230 782 άνεμος,
1254 690 1298 774 ὡς

94 804 159 872 τίν
182 802 383 891 ῥητορικῷ
407 817 514 870 κεῖται
537 808 689 890 λεξικῷ,
712 805 769 869 καὶ
792 795 812 889 ἦ
835 794 924 889 πνοὴ
949 794 1054 868 αύτοῦ
1077 795 1220 888 άρκισς
1243 805 1298 868 καὶ

121 906 303 999 άρκυεςλ)
327 912 404 977 λίνα
426 911 666 996 περιτιθέμενα
688 911 829 996 θηρίοις.
863 896 905 975 οὗ
931 901 971 974 τύ
998 905 1231 994 πρωτόθετον
1254 903 1298 987 ὡς

122 1010 141 1084 ὃ
165 1019 396 1095 Παυσανίας
419 1018 520 1104 φησίν
545 1008 613 1082 άπὸ
636 1023 708 1082 τῶν
732 1009 856 1101 άρκων.
886 1006 939 1080 ύτι
958 1015 993 1080 δὲ
1012 1016 1071 1080 καὶ
1089 1011 1296 1082 έύασύνοντο

118 1117 269 1203 Ἀττικῶς
292 1122 326 1190 αἱ
350 1119 529 1210 άρκυεςθ)
554 1114 617 1188 ούκ
641 1116 776 1208 άδηλον.
805 1123 863 1187 καὶ
890 1120 1026 1207 φέρεται
1047 1127 1164 1208 χρῆσις
1187 1114 1296 1188 niat-

121 1233 214 1309 λιδος
235 1227 388 1317 τοιαύτη·

83 1363 109 1402 ιο
283 1328 324 1403 σύ
348 1336 384 1403 δὲ
407 1331 558 1402 καλώδια
580 1326 686 1400 ταῦθ’
710 1327 877 1420 άρκυαίρει
900 1333 953 1418 (fr.
973 1333 1046 1399 313.
1065 1334 1173 1421 Kook)

123 1434 232 1511 ὅέστι
253 1440 413 1526 φύλασσε,
437 1442 511 1508 ἐπεὶ
533 1443 591 1507 καὶ
615 1432 896 1526 άρκυωρός4)ὁ
921 1447 991 1505 τῶν
1015 1431 1155 1526 άρκύονν
1178 1437 1296 1524 φύλαξ.

122 1542 186 1633 ἀφ’
209 1539 251 1616 οὗ
277 1541 317 1616 τὸ
347 1541 597 1634 άρκυοτρεῑῦ),
625 1540 749 1632 ὁμοίως
775 1553 825 1632 τῷ
853 1539 1129 1634 ἡμερωρεῑνθ),
1157 1537 1179 1614 ὅ
1207 1547 1297 1614 ἐστιν

121 1650 437 1744 ημεροφυλακεῐνῖ).

212 1764 286 1829 lea.
310 1760 691 1846 Et.Mag.p.146‚511).
719 1750 928 1846 άρνευτὴρ·
953 1750 1243 1848 ὁκυβιστητήρ’).
1267 1754 1296 1840 ,ὁ

82 1891 108 1933 ιε
123 1862 157 1936 δ’
180 1861 357 1954 ἀρνευτῆρι
381 1859 500 1944 ἐοικώς
523 1858 672 1932 κάππεσ’
696 1858 758 1931 ἄττ’
783 1857 934 1950 εύερχέος
967 1866 1102 1950 δίφρου
1130 1865 1184 1952 (Π
1209 1867 1296 1952 742).

122 1975 248 2062 είρηται
272 1974 308 2039 δὲ
331 1965 400 2039 άτιό
423 1979 494 2038 τῶν
518 1965 643 2057 άρνοόν,
667 1970 788 2049 οἵτινες
808 1967 971 2038 εἰώθασιν
991 1969 1046 2037 ἐπὶ
1064 1964 1220 2060 κεφαλὴν
1244 1965 1297 2039 άλ-

121 2085 242 2148 λεσθαι
269 2071 383 2164 ὥσπερ
410 2071 473 2145 τὸν
500 2072 582 2165 άέρα
613 2081 837 2164 κυρίττοντες.
872 2069 997 2162 [ούτοος
1023 2069 1253 2159 Ἀπολλώνιος
1278 2073 1296 2146 ὁ

117 2180 278 2274 Ἀρχιβίου
300 2188 358 2251 καὶ
381 2181 590 2263 Διονύσιος
614 2177 984 2271 ὁἉλικαρνασσεύς.
1008 2179 1212 2271 Μεθόάιος]

210 2381 233 2453 ⁸)
251 2381 376 2437 Alterius
395 2381 514 2436 rhetoris
533 2381 686 2436 doctrinam
703 2395 840 2449 nusquam
854 2379 946 2435 adhuc
959 2379 1094 2449 indagare
1112 2377 1201 2448 potui.
1230 2381 1296 2435 Pro-

121 2472 247 2528 verbinm
266 2475 359 2526 autem
378 2473 433 2540 (ap.
452 2470 530 2525 Euat.
551 2471 633 2538 1353,
653 2470 678 2525 5.
699 2471 781 2536 1533,
800 2469 854 2540 34.)
874 2471 947 2538 quod
966 2468 1047 2537 vulgo
1066 2467 1170 2536 fertur,
1194 2463 1295 2540 τετρά-

122 2563 148 2615 a
166 2559 287 2632 γέγονας
305 2559 417 2629 saepius
440 2559 602 2626 adhibetur,
628 2558 664 2613 of.
682 2558 787 2612 Zenob.
807 2559 842 2612 Π.
867 2559 906 2625 7.,
929 2557 1024 2626 paullo
1048 2557 1132 2612 aliter
1156 2556 1238 2612 Phot.
1263 2582 1296 2602 =

121 2649 205 2716 euin,
225 2651 345 2718 denique
364 2649 436 2703 Mill.
456 2647 521 2702 Mel.
536 2665 562 2717 p.
578 2649 638 2702 366.
659 2663 682 2700 τ.
703 2666 728 2716 γ.
747 2641 851 2714 ταύτης
869 2643 1010 2714 μέμνηται
1030 2638 1154 2699 Πλάτων
1173 2637 1190 2700 ὁ
1209 2663 1297 2713 κοιμι·

121 2735 173 2802 κὸς
196 2735 227 2793 ἐν
252 2732 422 2808 Πεισάνδρα)
446 2735 489 2804 (fr.
510 2737 569 2790 100.
588 2735 685 2803 Kock).
718 2729 831 2805 τετράδι
854 2731 910 2805 γάρ
933 2735 1084 2804 γεννηθείς
1106 2735 1157 2788 καί
1180 2727 1297 2789 πάντων

122 2823 348 2896 ἐπιφανέστατος
370 2827 419 2880 καὶ
442 2819 644 2895 ἀνδρειότατος
667 2818 824 2894 γενόμενος
843 2819 1045 2893 ἐταλαιπώρει,
1071 2811 1151 2890 ὅμως
1167 2815 1221 2877 ὕπ’
1243 2819 1296 2878 Eo-

122 2913 252 2986 ρνσθέος
275 2908 509 2981 ἐπιταττόμενος,
538 2928 608 2982 quae
632 2914 669 2968 ad
692 2914 811 2967 eundem
835 2911 1050 2981 Aristophanem
1072 2911 1181 2967 referre
1203 2909 1297 2966 nullus

122 3003 226 3060 dubito.
244 3032 280 3043 —
298 3002 333 3058 cl.
352 3003 462 3071 Fragm.
481 3002 536 3056 lex.
555 3004 627 3056 rhet.
646 3003 707 3056 378.

166 3094 208 3148 73.
228 3093 249 3159 1)
269 3090 303 3146 cf.
322 3091 388 3146 Hes.
408 3089 443 3146 cf.
462 3092 511 3146 Ar.
531 3091 566 3145 de
585 3091 685 3144 mundo
704 3090 752 3145 lv.
771 3090 814 3144 13.

211 3181 231 3245 ⁹)
250 3178 284 3234 cf.
303 3179 370 3234 Hes.
389 3170 503 3249 άρκυες.
523 3171 634 3250 άρκνσι.
653 3178 729 3234 Suid.
749 3194 770 3232 s.
789 3195 814 3232 v.
833 3170 929 3248 άρκυς.
949 3179 979 3232 Β.
1000 3179 1034 3232 Α.
1053 3177 1116 3246 445,
1135 3179 1179 3232 22.

210 3267 233 3334 ⁸)
251 3267 296 3322 Et.
315 3267 352 3321 M.
374 3267 433 3333 144,
453 3270 478 3323 6.
498 3269 541 3322 10.
559 3267 630 3322 Mill.
651 3267 717 3322 Mel.
736 3284 763 3336 p.
781 3267 824 3322 43.
844 3266 881 3322 cf.
900 3268 931 3321 B.
950 3267 983 3321 A.
1001 3267 1021 3323 l.
1039 3265 1057 3320 l.

209 3359 232 3423 ⁴)
249 3356 346 3425 Harp,
366 3354 401 3410 cf.
420 3356 495 3411 Suid.
514 3357 544 3410 in
562 3357 655 3426 priore
673 3357 781 3425 glossae
799 3359 888 3424 perte.

210 3444 231 3512 Ι’)
249 3445 316 3500 Hes.
335 3446 360 3499 3.
380 3475 413 3484 —
432 3445 479 3499 Et.
499 3446 537 3500 M.
557 3446 618 3511 144,
639 3446 681 3499 17.

209 3533 230 3600 ⁶)
249 3533 284 3588 cf.
303 3533 381 3588 Phot.
401 3534 467 3589 Hes.
486 3527 657 3605 ἧμερωρίας.
680 3528 848 3605 ἧμεραιρεῖν.

209 3624 230 3689 ²)
249 3622 325 3691 Quae
338 3623 429 3678 omnia
441 3621 573 3678 atticistis
588 3623 737 3678 tribuenda
749 3628 814 3678 sunt
827 3625 942 3692 propter
955 3619 1217 3690 lexicographorum
1231 3637 1294 3677 con-

120 3727 238 3766 sensum.
272 3712 349 3766 idem
368 3713 478 3767 lexicon
495 3712 568 3766 rhet.
587 3711 687 3766 iterum
707 3716 855 3781 usurpatur
874 3711 949 3780 apud
966 3709 1095 3765 Eustath.
1113 3710 1295 3780 ρ.1156,11.

119 3802 157 3855 ad
174 3817 254 3870 quem
268 3801 360 3856 locum
371 3801 428 3856 iam
440 3803 534 3856 noster
547 3816 698 3871 provocare
716 3801 839 3855 videtur:
859 3796 984 3869 ἀλλαχοῦ
998 3800 1048 3853 καί
1061 3791 1150 3868 ἕτερα
1168 3797 1294 3870 χέγραπ·

120 3906 167 3943 ται
185 3889 235 3944 sub
254 3889 338 3944 finem
356 3890 489 3957 adiciens,
509 3889 544 3945 cf.
562 3890 597 3944 ir.
616 3883 757 3960 άπάρκιος
776 3889 858 3958 (359).

165 3978 231 4032 73ε.
250 3979 272 4044 1)
290 3978 370 4032 Ηεοο
390 3980 538 4050 etymologi
556 3980 677 4047 glossam
695 3977 740 4046 (cf.
755 3978 825 4032 Mill.
841 3977 906 4032 Mel.
921 3994 949 4046 p.
964 3977 1018 4046 45.)
1037 3979 1071 4032 A.
1086 3975 1216 4047 Dionysii
1234 3991 1295 4032 esse

121 4069 239 4135 apparet
263 4082 298 4120 ex
321 4068 524 4137 subscriptione
548 4067 657 4122 Codicis
677 4066 819 4134 Vaticani,
844 4082 924 4134 quem
943 4065 1050 4120 Milleri
1071 4066 1236 4121 Florentino
1257 4064 1295 4121 si·

120 4154 267 4210 millimum
286 4157 336 4210 sed
354 4156 508 4225 pleniorem
531 4173 592 4211 esse
616 4161 645 4211 et
668 4156 753 4211 verba
771 4171 855 4226 supra
873 4156 953 4210 uncis
971 4155 1080 4211 inclusa
1098 4155 1244 4211 continere
1261 4155 1294 4210 R

119 4243 354 4300 Reitzensteinius
372 4245 492 4314 benigne
511 4262 618 4301 mecum
636 4261 688 4315 per
705 4245 815 4300 litteras
834 4245 1054 4300 communicavit.

209 4333 230 4401 ¹)
248 4333 329 4388 Hanc
348 4334 562 4404 explicationem
575 4335 661 4391 solam
676 4333 719 4402 (cf.
734 4334 863 4403 Apollon.
878 4333 933 4390 lex.
947 4335 1018 4390 hom.
1032 4350 1059 4404 p.
1074 4334 1118 4401 43,
1135 4334 1177 4389 ll.
1191 4333 1293 4401 Beklr.)
