3000 5040
651 273 713 339 189

91 457 155 521 ρον
179 431 225 511 είς
247 425 310 521 τὴν
334 431 465 498 ἐκείνου
489 424 586 518 τιμὴν
609 432 832 518 πρῶτονμὲν
856 423 1022 515 άπόγονοι
1046 424 1166 511 αὐτοῦ,
1195 427 1267 497 εἶτα

90 540 190 618 εἴτις
207 533 308 617 ἄλλος
325 541 447 626 παρείη
466 540 614 619 Λέσβιος.
639 531 710 605 εἶθ’
729 531 838 616 οὕτως
857 535 889 602 οὶ
908 539 1023 604 λοιποὶ
1040 529 1162 622 ,μετὰ
1181 539 1224 603 λέ
1229 556 1265 604 σ-

90 651 181 728 βισν
203 639 335 733 polam
357 638 420 712 τὸν
443 638 559 722 ἁπλῶς
583 636 707 731 δηλαδὴ
731 644 883 725 Λέσβιον.

184 754 258 820 247.
290 753 462 819 Eusiath.
480 776 511 836 p.
533 753 632 829 1022,
651 752 701 817 65.
735 743 777 816 οὗ
798 747 907 835 μόνον
935 750 971 817 ol
998 744 1018 836 ἡ
1042 748 1183 837 ῥηθεῑσα
1205 776 1267 817 πα-

92 861 207 946 ροιμία
240 862 295 947 (sc.
320 855 471 945 στάθμης
502 851 749 944 ἀκριβέστερος)
783 857 820 922 ἐκ
851 864 910 944 τῆς
936 866 1088 944 τεχνικῆς
1116 857 1269 945 ε’ίληπται
1295 881 1307 920 5

97 963 260 1053 στάθμης,
284 958 369 1031 άλλά
392 968 450 1031 καὶ
469 963 589 1051 ἕτεραι,
613 960 688 1030 οἷον
707 966 763 1029 καὶ
781 956 821 1030 τὸ
841 955 959 1050 λευκὴ
984 961 1174 1050 στάθμηῑ)
1193 957 1270 1029 άντὶ

93 1081 158 1140 τοῦ
181 1066 302 1160 ἄδηλος
327 1068 460 1158 στάθμη
483 1063 570 1137 κατά
593 1073 840 1137 Παυσανίαν.
874 1063 916 1136 οὐ
942 1062 1003 1156 γάρ
1032 1064 1177 1156 ἀκριβῶς
1201 1072 1269 1136 δια-

94 1181 208 1262 φαίνει
232 1171 405 1264 ὀρθότητα
427 1171 447 1265 ἦ
471 1170 572 1265 λευκὴ
597 1174 738 1264 στάθμη.
764 1168 817 1242 διὸ
836 1168 1011 1262 κεῖσθαιῆ
1034 1179 1196 1262 παροιμία
1219 1177 1269 1241 λε’-

94 1309 187 1370 γεται
215 1283 270 1350 ἐπὶ
296 1292 368 1350 τῶν
394 1285 498 1371 μηδὲν
526 1285 722 1365 συνιέντων,
750 1279 825 1350 οἷον
855 1288 1050 1370 [Σοφοκλῆς
1077 1285 1270 1370 Κηδαλίωνι

96 1393 133 1458 fr.
155 1393 234 1476 135]
1283 1417 1309 1456 ιο

255 1511 326 1576 τοῖς
349 1494 461 1583 λόγοις
483 1490 563 1576 τους
586 1509 694 1564 σοῖσιν
718 1489 760 1563 οὐ
782 1499 1000 1583 τεκμαίρομαι

257 1597 450 1690 οὐμᾶλλον
472 1598 493 1691 ἢ
516 1611 627 1690 λευκῷ
650 1607 740 1690 λίθφ
763 1596 887 1690 λευκὴν
911 1600 1073 1690 στάθμην.

96 1711 270 1778 Eustath.
289 1735 320 1796 p.
341 1713 440 1788 1531,
459 1713 510 1777 63.
542 1702 628 1777 ὅθεν
656 1713 713 1777 καὶ
740 1712 901 1796 παροιμία
929 1702 968 1775 τὸ
998 1700 1098 1796 λευκὴ
1123 1705 1270 1797 στάθμη·

97 1819 179 1904 φησὶ
201 1809 264 1904 γάρ
287 1817 427 1895 Αίλιος
450 1814 660 1895 Διονύσιος
683 1809 785 1904 λευκὴ
811 1814 957 1903 στάθμη·
983 1811 1001 1882 ὃ
1020 1816 1124 1902 μηδὲν
1148 1818 1271 1902 διακρί-

96 1947 169 1989 νων
191 1925 274 2011 μηιίὲ
298 1920 539 2009 διαγινώσκειν.
1286 1947 1311 1986 15

188 2033 262 2096 248.
294 2032 468 2097 Eustath.
485 2054 516 2115 p.
535 2031 618 2108 455,
637 2032 688 2096 37.
722 2023 775 2096 ὅτι
804 2030 839 2094 δὲ
866 2021 907 2094 τὸ
936 2028 973 2094 ἐν
997 2026 1126 2114 σώμασι
1149 2022 1272 2096 λευκὸν

98 2128 161 2201 οὐκ
186 2136 222 2203 έν
240 2136 370 2222 έπαίνφ
388 2126 441 2224 ἦν,
465 2136 502 2202 έν
524 2133 755 2223 ῥητορικοῖς
779 2138 938 2223 δηλοῦται
957 2141 1137 2217 λεξικοϊς.
1162 2127 1211 2202 οὖν
1235 2135 1272 2202 έν

97 2243 236 2330 θατέρῳ
258 2243 319 2327 μὲν
337 2257 454 2324 κεῖται,
478 2235 531 2309 ὅτι
554 2245 725 2330 λευκοὶῑ)
749 2240 783 2308 ol
802 2245 907 2309 δειλοὶ
924 2244 982 2307 καὶ
999 2250 1018 2319 †
1036 2239 1221 2309 λευκαίπιοι
1240 2240 1273 2308 οἱ

99 2341 205 2415 αὐτοί.
238 2349 275 2415 έν
299 2350 335 2415 δὲ
360 2345 478 2439 ἑτέρῳ,
500 2358 551 2435 τῷ
574 2356 636 2415 τοῦ
659 2349 802 2415 Αἰλίου
825 2351 1040 2415 Διονυσίου
1065 2343 1204 2436 δηλαδὴ,
1231 2342 1271 2414 τὸ

99 2448 245 2537 ,οὐδὲν
268 2461 424 2522 λευκῶν
448 2449 606 2542 ἀνδρῶν
629 2451 835 2543 lipsium)
859 2445 888 2542 ᾦ
908 2453 1194 2542 συμπαράκεινται
1216 2457 1313 2521 καίεο

100 2560 211 2648 ἕτεραι
229 2559 472 2645 κεφαλαιώδεις
489 2564 664 2648 παροιμίαι
679 2563 787 2643 αὐται,
801 2564 858 2628 καὶ
871 2556 994 2644 ,οὐδὲν
1008 2576 1130 2648 φρονεῖ
1142 2563 1273 2629 δίκαιον

99 2661 250 2747 ἐστυκώς
273 2660 386 2756 άνήρίί.

190 2777 264 2841 249.
298 2776 472 2842 Eustath.
495 2799 525 2861 p.
552 2777 650 2854 1926,
674 2777 725 2841 52.
759 2776 838 2853 ἰ’σας
867 2776 902 2841 δὲ
931 2775 968 2841 ἐκ
994 2771 1154 2842 τοιούτου
1181 2766 1274 2852 τινὸς

146 3062 208 3116 247.
230 3062 250 3127 ¹)
269 3061 350 3115 Oonv.
370 3061 449 3114 Phot.
469 3059 554 3128 Soio,
574 3062 646 3114 unde
665 3076 699 3116 ea
717 3060 865 3128 traximus,
890 3076 961 3128 quae
979 3060 1058 3116 uuois
1076 3060 1183 3116 Inclusa
1202 3065 1274 3115 sunt.

102 3149 250 3206 SimilIImo
273 3149 690 3204 Schol.Plat.Charm.154B.
726 3149 783 3203 Vix
810 3149 976 3204 crediderim
999 3150 1070 3204 illud
1092 3149 1216 3205 scholion
1240 3165 1275 3204 ex

103 3238 208 3293 Zenob.
227 3237 273 3292 IV.
292 3238 327 3292 89
347 3242 376 3292 et
393 3239 466 3292 Plut.
486 3240 506 3293 1.
519 3239 554 3292 39
574 3239 789 3293 contamiuatum
809 3255 869 3293 osse
889 3239 982 3306 (Comi,
995 3239 1110 3294 Jahrbb.
1123 3239 1200 3294 XIII.
1213 3240 1274 3295 852.

102 3327 225 3396 GiosIng.
241 3344 268 3396 p.
283 3328 325 3382 17.
345 3328 398 3396 29.)
425 3329 541 3382 Lemma
560 3344 604 3396 sp.
620 3329 684 3381 Hos.
698 3357 733 3367 ——
752 3327 995 3397 Poroemiogrophi
1014 3328 1126 3395 similla,
1145 3328 1180 3383 of.
1196 3327 1274 3396 Diog.

102 3416 148 3471 VI.
168 3417 194 3469 8.
212 3416 284 3470 Mill.
303 3417 369 3471 Mol.
388 3433 415 3485 p.
435 3417 496 3471 372.

147 3505 209 3559 248.
229 3505 248 3572 ¹)
268 3505 349 3560 Gonu.
363 3506 451 3571 Phot.,
470 3505 543 3560 unde
563 3522 625 3560 oum
639 3505 745 3560 Meiero
764 3502 935 3576 λευκὸπυγοι
953 3506 1079 3575 restituo,
1099 3506 1134 3561 of.
1146 3506 1274 3561 Eustoth.

102 3610 130 3662 p.
149 3595 215 3662 863,
235 3594 291 3661 29„
315 3595 363 3662 qui
387 3611 422 3648 ex
445 3594 521 3648 fonte
544 3595 635 3648 adhuc
657 3595 751 3663 ignoto
771 3595 898 3649 Alexidis
920 3594 1106 3664 fragmentum
1124 3594 1276 3649 testimonii

102 3683 165 3737 loco
188 3681 288 3737 adfert.
325 3686 370 3737 An
389 3687 477 3737 totum
500 3684 591 3737 looum
611 3700 673 3738 oum
696 3685 816 3752 Freyoro
835 3701 861 3752 p.
880 3685 941 3738 360.
961 3685 1093 3738 atti0istis
1112 3683 1275 3748 tribuamus,

103 3770 226 3826 dubitari
241 3775 342 3839 potest.
356 3801 391 3810 —
410 3772 475 3826 Sim.
491 3773 556 3826 Hes.
573 3773 647 3827 Suid.
664 3773 737 3841 App.
753 3773 831 3826 Prov.
846 3772 895 3825 IlI.
911 3774 953 3826 61.
968 3772 1058 3826 Schol.
1073 3774 1120 3826 Ar.
1134 3772 1199 3841 Lys.
1214 3771 1274 3826 902.

194 3859 214 3925 ²)
234 3859 397 3929 Explicatur
420 3861 596 3929 proverbium
615 3877 658 3929 op.
679 3861 755 3914 Suid.
774 3863 847 3929 App.
867 3861 944 3914 Prov.
963 3859 1010 3914 IV.
1029 3861 1072 3914 35.
1104 3860 1148 3912 Ex
1170 3859 1275 3912 ultimis

104 3947 255 4017 fragmenti
278 3949 370 4003 verbis
394 3949 498 4017 efficio,
522 3951 608 4004 etlam
627 3966 662 4003 eu
679 3949 842 4017 proverbIa,
867 3965 938 4017 quae
961 3949 1021 4002 sola
1039 3965 1083 4017 ap.
1102 3948 1180 4001 Phot.
1200 3947 1274 4002 Suid.

105 4041 210 4102 extant,
231 4053 265 4092 ex
284 4039 359 4093 Aelii
377 4039 503 4108 Dionysii
526 4040 616 4093 lexico
634 4037 756 4092 fluxisse.
785 4033 859 4104 (οὐδ’
879 4031 936 4092 ἀπὸ
956 4038 1065 4107 γαίσων
1082 4028 1159 4100 ὗσεν,
1184 4030 1277 4101 οὐδεὶς

105 4121 239 4195 κομήτης
266 4116 345 4192 ὅστις
373 4124 406 4182 αὖ
434 4128 610 4197 περαίνεται,
639 4122 722 4181 aiolo
747 4121 819 4196 πρὸς
840 4120 919 4189 έπος,
944 4121 1009 4180 οὐδὲ
1032 4121 1167 4194 τάρχαῖον
1190 4131 1275 4186 ποιεῖ,

105 4210 160 4269 ov’x
178 4206 215 4269 άν
233 4211 330 4271 δύναιο
349 4219 452 4287 γαστρί
471 4219 615 4284 πενθῆσαι
633 4210 751 4285 νεκρόν,
777 4212 831 4268 οὐκ
854 4207 890 4267 άν
908 4210 1048 4282 φθάνοιμι
1066 4212 1117 4282 τὴν
1135 4207 1278 4282 μάχαιραν

106 4309 288 4374 παρακσνῶν,
308 4303 342 4361 οὐ
356 4303 456 4376 τρέφει
470 4306 521 4373 μία
536 4301 625 4374 λόχμη
641 4300 691 4359 δύο
711 4299 884 4374 έριθάκους).
912 4303 954 4357 Eo
966 4303 1059 4358 omnio.
1077 4303 1128 4357 sub
1146 4303 1277 4356 lemmate

106 4389 200 4456 οὐδεὶς
217 4394 303 4450 fuisso
323 4396 430 4450 Moiero
449 4394 533 4449 facile
553 4395 758 4449 concedendum
777 4400 828 4448 est.
