3000 5040
738 221 777 284 15

259 383 305 448 Ac
326 382 464 466 primum
482 381 609 464 quidem
631 379 782 445 lexicon
805 379 884 442 illud
903 398 1124 460 anonymum
1142 379 1245 445 tribus
1263 380 1341 445 locis

170 495 445 555 commemoratur:
478 510 507 571 p.
533 487 611 563 797,
635 487 686 550 37.
710 485 761 573 (fr.
787 485 843 570 70)
872 482 913 549 ἐν
941 484 981 550 δὲ
1010 477 1203 571 α’νωνύμφ
1227 483 1340 572 ῥητο-

169 602 268 681 ρικῷ
287 596 353 659 καὶ
373 585 592 679 ἒρενοβοσκὸς
603 595 629 677 1)
650 593 786 678 φέρεται
806 583 824 656 ὃ
845 583 946 667 αὐτὸς
965 590 1019 677 (sc.
1038 598 1088 677 τῷ
1107 584 1341 680 ἄρηνοβοοκῷ)

171 697 225 769 διὰ
243 695 283 768 τὸ
304 714 328 767 ἑ.
359 703 513 766 Doctrina
531 702 641 764 eadem
659 701 744 764 redit
763 721 812 782 ap.
831 699 922 763 Phot.
941 698 1026 764 Snid.
1045 699 1118 764 Hes.
1137 701 1186 766 Et.
1206 701 1247 766 M.
1267 702 1341 778 377,

171 813 223 877 22.
249 849 289 858 -
314 833 342 894 p.
371 809 470 883 1828,
492 809 544 872 48.
569 806 621 889 (fr.
645 807 725 892 266)
755 805 795 871 ἓν
825 805 865 870 δὲ
895 797 1088 890 ἄνωνέμω
1112 810 1254 893 λεξικῷ
1277 805 1340 895 ῥη-

169 924 318 1002 τορικῷ
340 912 503 1000 γράφεται
526 914 583 978 καὶ
606 904 659 978 ὅτι
689 907 875 994 ὀξυτόνως,
902 915 959 977 καὶ
983 914 1254 998 συνεσταλμένως
1278 909 1340 980 dot

171 1023 320 1109 ἱματίων.
355 1022 450 1108 φέρει
470 1021 581 1086 δὲκαὶ
601 1028 718 1108 χρῆσιν
736 1029 798 1086 τοῦ
817 1026 970 1104 κωμικοῦ
987 1011 1055 1100 ,ὅτε
1074 1013 1133 1100 τὰς
1152 1014 1211 1098 dulc
1230 1020 1340 1108 ἐποιή-

172 1138 273 1197 οατοί
313 1128 345 1195 οἱ
371 1123 433 1215 γὰρ
456 1129 608 1208 παλαιοί,
637 1145 731 1214 φησι,
759 1129 816 1192 καὶ
842 1123 979 1204 ταύταις
1007 1120 1077 1204 ὀϊὸς
1106 1129 1208 1214 δέρμα
1235 1149 1340 1215 προο-

171 1240 349 1325 έρρατιτον,
377 1234 432 1300 ἵνα
455 1228 575 1322 ἥκιστα
597 1237 767 1320 τρίβοιντο
791 1227 833 1299 τὰ
861 1231 955 1299 κάτω
983 1240 1054 1300 τῶν
1078 1233 1227 1318 ἱματίων.
1275 1240 1339 1304 Ite·

169 1367 239 1407 rum
258 1344 347 1408 Phot.
367 1345 521 1408 convenit.
544 1343 582 1407 cf.
606 1344 641 1408 fr.
663 1344 737 1407 266.
755 1348 819 1407 not.
839 1342 869 1407 5.
889 1381 933 1390 --
955 1365 985 1425 p.
1007 1342 1102 1420 1854,
1126 1344 1169 1407 32
1188 1344 1240 1430 (fr.
1259 1347 1340 1432 410)

167 1443 187 1538 ἦ
211 1441 333 1535 μορτι)
356 1441 397 1514 τὸ
421 1446 532 1529 ἕκτον,
556 1451 652 1531 φασὶ,
675 1448 775 1534 μέρος
797 1455 867 1513 τοῦν
890 1456 1047 1534 καρπῶν,
1070 1441 1090 1535 ἢ
1115 1448 1247 1517 ἐδίδοτο
1270 1466 1341 1530 τοῖς

168 1552 390 1642 ἓκτημορίοις,
423 1549 469 1633 ὡς
497 1555 538 1620 ἐν
566 1548 761 1639 ἄνωνέμῳ
795 1567 924 1619 κεῖται
956 1560 1099 1641 regiani
1131 1553 1339 1645 ῥητορικῷ.

168 1664 237 1729 Vox
264 1655 370 1749 μορτι)
398 1685 553 1747 nusquam
582 1665 673 1728 redit.
699 1701 739 1711 —
765 1662 902 1727 Lexicon
930 1663 1029 1744 igitur
1056 1664 1136 1728 illud
1164 1665 1204 1729 ab
1233 1668 1339 1731 attici-

168 1776 289 1835 starum
308 1770 456 1854 operibus
475 1772 633 1835 diversum
652 1776 733 1834 erat:
758 1776 790 1834 et
808 1769 993 1854 Photiume)
1013 1771 1166 1854 imprimis
1185 1773 1264 1838 illud
1283 1777 1339 1839 ad-

167 1877 308 1942 hibuisse
341 1882 472 1943 constat.
527 1877 598 1942 Non
631 1878 729 1960 igitur
761 1879 940 1960 negandum
972 1883 1033 1954 est,
1066 1877 1244 1962 fragmenta
1276 1882 1339 1959 illa,

168 2006 248 2068 quae
272 1985 373 2049 lexico
396 1985 556 2050 rhetorico
579 1984 766 2050 Eustathius
790 1985 956 2062 adscribit,
985 2007 1022 2049 ex
1045 1985 1101 2051 illo
1124 2007 1218 2069 opere
1241 1987 1339 2053 fluere

167 2093 323 2174 potuisse:
354 2113 449 2173 quam
478 2092 518 2157 ob
546 2113 673 2156 causam
701 2094 734 2154 in
762 2092 901 2157 editione
928 2114 947 2156 a
970 2093 1099 2157 directis
1122 2094 1339 2173 disiunximus,

167 2201 252 2282 quod
276 2221 326 2264 res
348 2200 391 2263 ad
413 2197 508 2263 finem
531 2199 739 2264 certissimum
762 2200 892 2283 perduci
918 2220 980 2264 non
1004 2205 1116 2283 potest.

257 2307 401 2371 Alterum
424 2306 554 2382 lexicon,
577 2306 664 2388 quod
681 2307 840 2382 laudatur,
863 2305 924 2370 fuit
943 2306 1242 2389 Etymologioum
1262 2309 1339 2374 Ma-

166 2436 288 2498 gnum:
312 2436 341 2497 p.
368 2413 467 2490 1397,
489 2413 540 2477 54.
564 2411 785 2497 ἒτομολογὶαν
809 2411 845 2476 δὲ
866 2419 930 2476 τοῦ
951 2408 1110 2477 τοιούτου
1134 2406 1273 2494 ἄβακος,
1302 2406 1339 2491 ὃς

165 2523 224 2585 καὶ
250 2526 527 2601 κοινολεκτεῑται,
556 2518 593 2584 έν
621 2527 670 2604 τοῦ
697 2515 830 2604 μεγάλῳ
854 2515 944 2583 ἔστιν
969 2514 1078 2604 εὑρεῖν
1102 2518 1337 2607 ἐτομολογικῴ.

167 2629 206 2693 cf.
233 2629 285 2694 Et.
314 2629 355 2693 M.
384 2628 419 2705 2,
446 2628 477 2691 9.
524 2626 647 2692 Similia
674 2628 808 2691 redeunt
837 2628 877 2690 de
905 2617 1043 2706 ἄβακεῐν
1070 2649 1145 2692 uoce
1173 2650 1222 2711 ap.
1251 2630 1338 2694 Eust.

167 2759 197 2819 p.
221 2736 316 2811 1494,
336 2735 387 2801 61.
407 2734 444 2800 cf.
463 2734 514 2798 Et.
533 2734 575 2799 M.
593 2735 624 2810 4,
643 2735 672 2797 2.
692 2734 744 2798 29.
768 2772 810 2780 —
833 2756 862 2816 p.
884 2733 958 2809 834,
980 2734 1032 2798 46.
1056 2726 1137 2798 καθ’
1157 2727 1338 2821 ὁμοιότητα

165 2850 228 2907 τοῦ
263 2835 390 2928 ἤγανον
427 2836 596 2927 πήγανον,
638 2830 657 2904 ὃ
693 2841 750 2904 καὶ
783 2837 820 2905 ἓν
856 2845 905 2924 τῷ
942 2836 1073 2924 μεγάλω
1112 2839 1338 2928 έτομολογικῷ

166 2961 282 3013 κειται.
320 2951 418 3013 Deest
440 2949 475 3011 in
493 2948 719 3032 Etymologico,
742 2948 827 3030 quod
850 2948 1077 3023 circumfertur,
1101 2949 1231 3032 Magno:
1255 2954 1338 3015 redit

165 3057 200 3120 in
224 3056 273 3120 Et.
299 3055 379 3120 Gud.
402 3055 482 3132 464,
505 3055 557 3120 58.
583 3093 622 3102 -
648 3078 677 3138 p.
700 3055 781 3131 450,
804 3056 855 3120 31.
883 3050 1091 3141 βλεπήοεως,
1118 3045 1139 3142 ἢ
1167 3068 1274 3121 κεῖται
1302 3057 1338 3122 ἐν

166 3171 216 3248 τῷ
241 3162 484 3248 έτνμολογικῴ,
513 3162 550 3228 cf.
574 3163 624 3227 Et.
648 3163 688 3227 M.
716 3163 792 3238 199,
816 3163 867 3228 36.
892 3201 931 3210 -
957 3186 985 3245 p.
1012 3163 1085 3240 884,
1109 3164 1137 3228 8.
1162 3157 1180 3228 ὁ
1206 3165 1241 3229 δὲ
1266 3163 1338 3228 ἐτο-

165 3266 309 3355 μολόγος
338 3261 392 3335 διὰ
416 3265 605 3354 διφθόγγοο
634 3261 701 3334 ἀπὸ
728 3275 791 3334 τοῦ
815 3261 918 3349 αλέω,
947 3271 1041 3355 φησὶ,
1068 3261 1109 3334 τὸ
1138 3263 1266 3356 diuidua.
1299 3273 1336 3336 cf.

165 3379 216 3443 Et.
240 3379 281 3442 M.
308 3379 384 3454 162,
408 3378 459 3442 36.
489 3417 530 3424 —
559 3378 809 3461 Etymologicum
837 3377 999 3460 Magnum,
1032 3379 1155 3442 etiamsi
1183 3401 1336 3461 saepenu-

166 3506 252 3550 mero
282 3486 428 3549 concinat
456 3506 526 3549 cum
553 3485 645 3549 lexici
673 3485 824 3550 rhetorici
847 3485 1046 3568 fragmentis,
1072 3485 1242 3550 nunidem
1270 3507 1338 3550 esse

256 3737 278 3801 ¹)
296 3735 440 3804 Scriptura
457 3735 530 3790 falsa
548 3734 666 3789 videtur.
697 3736 728 3788 In
748 3735 849 3789 ceteris
868 3734 967 3789 lexicis
981 3729 1194 3805 ε’ρρηνοβοσκός
1211 3733 1336 3802 legimus,

165 3824 237 3891 quod
255 3826 290 3878 ab
309 3824 449 3895 Hesychio
469 3825 572 3879 diserte
592 3824 722 3893 poscitur.
760 3825 848 3893 Culpa
872 3824 972 3878 erroris
995 3841 1049 3878 non
1072 3823 1268 3891 lexicographo
1286 3823 1336 3877 tri-

165 3913 276 3968 buenda
295 3919 350 3968 est:
370 3915 425 3969 iam
445 3931 480 3968 ex
499 3914 575 3969 sonte
594 3913 666 3968 falsa
685 3913 836 3968 transtulit.

256 4004 276 4069 2)
296 4002 331 4058 cl.
351 4002 384 4057 fr.
404 4005 458 4058 410
477 4010 504 4058 et
525 4019 596 4072 quae
616 4005 650 4057 de
669 3997 792 4070 πελάτης
810 4003 901 4072 glossa
920 4002 1055 4058 Photiana
1074 4002 1102 4056 in
1121 4008 1176 4056 not.
1196 4005 1220 4057 1.
1241 4006 1335 4058 contu-

166 4091 257 4146 limus.
276 4123 312 4131 -
329 4092 373 4146 Ex
392 4094 558 4161 lexiccrum,
578 4108 649 4161 quae
668 4109 698 4146 se
716 4092 807 4161 ipsum
826 4096 1011 4160 pertractasse
1030 4093 1191 4161 patriarcha
1209 4097 1336 4156 testatur,

165 4196 292 4247 numero,
316 4199 400 4237 unum
419 4183 606 4237 tantummodo
625 4182 679 4236 huc
697 4181 797 4236 referri
820 4197 901 4250 posse
920 4188 1000 4250 puto,
1025 4182 1083 4236 cod.
1105 4183 1163 4236 156.
1201 4182 1336 4237 Dorothei

166 4266 412 4338 σπονὸασμάτιον,
437 4274 508 4340 quod
531 4274 597 4342 περὶ
620 4269 708 4337 ξένος
728 4267 885 4340 εἰρημένων
909 4271 974 4339 egit.
994 4267 1085 4342 μορτή
1110 4272 1184 4326 enim
1207 4271 1260 4325 fuit
1284 4289 1335 4326 vox

165 4359 286 4414 ethnica.
307 4360 341 4414 cf.
354 4379 380 4430 p.
394 4364 437 4416 30.
451 4366 505 4415 not.
521 4364 544 4416 1.
