3000 5040
755 253 819 319 110

198 409 383 498 πηγνύντες
411 406 468 476 ἐπ’
496 406 627 490 αύτούς.
662 405 836 496 ἀλλαχοῦ
864 409 907 478 δέ
934 426 1053 496 φησιν
1080 402 1100 476 ὃ
1128 399 1288 495 cariffi)
1314 410 1366 473 καὶ

199 510 252 584 ὅτι
271 510 435 602 ἀμφιφῶν
452 514 712 604 προσηγορεύθη
730 523 881 594 πλακοῦς
903 509 957 582 διὰ
974 522 1090 601 τυροῦ,
1110 507 1169 598 ἐφ’
1187 488 1230 581 ού
1250 515 1333 604 δᾷδα
1340 514 1365 598 4)

197 620 384 710 πήσσοντες
407 615 552 689 άπτουσι
574 631 638 690 τοῦ
661 618 776 706 φωτὸς
797 621 904 710 χάριν.

288 731 339 795 52.
363 731 537 796 Eustath.
556 755 585 815 p.
607 732 701 808 1324,
720 731 772 796 39.
796 733 848 815 (A.
867 732 905 795 D.
925 730 964 796 de
988 720 1199 809 ὠτοκάταξις
1220 748 1288 792 voc.
1305 727 1364 793 dis·

171 842 303 920 spulat‚
327 836 365 902 cf.
389 837 426 904 fr.
451 836 540 912 335,
564 839 679 902 deinde
708 837 912 922 sequuntur):
943 836 1001 900 καὶ
1028 825 1259 919 ἀμφώτιδες
1285 825 1364 898 κατὰ

198 945 406 1023 Παυσανίαν,
430 933 468 1020 ἀς
493 940 526 1008 οἱ
548 945 731 1009 παλαισταὶ
754 935 845 1028 παρὰ
870 944 903 1026 (Ι.
922 941 1014 1028 περὶ)
1037 951 1109 1018 τοῖς
1133 932 1219 1007 ου’σὶν
1242 935 1331 1026 εἶχον
1340 941 1362 1026 ¹)

199 1044 309 1127 ἄλλους
332 1050 369 1115 δέ
391 1073 427 1134 γε
451 1051 508 1114 καὶ
532 1045 730 1133 ἐκπώματος
754 1045 842 1127 εἶδος
866 1046 900 1114 αἱ
922 1040 1122 1132 ἀμφώτιδες.

287 1157 338 1220 53.
363 1156 536 1221 Eustth.
556 1179 585 1239 p.
608 1157 703 1233 1159,
722 1156 774 1220 56.
801 1147 840 1220 τό
866 1155 902 1220 δὲ
924 1149 1073 1240 ῥύεινῑ)
1095 1145 1116 1239 ἢ
1140 1149 1286 1238 ῥύεσθαι
1308 1159 1364 1218 νῦν

197 1263 258 1348 μὲν
282 1258 441 1348 συνήθους
459 1254 588 1347 Ὁμήρῳ
612 1261 668 1326 ἐπὶ
690 1269 753 1327 τοῦ
772 1258 958 1343 φυλάσσειν
975 1261 1117 1326 τίθεται.
1142 1259 1365 1334 Παυσανίας

158 1391 184 1430 10
199 1370 235 1434 δὲ
257 1371 313 1434 καὶ
338 1367 393 1433 ἐπὶ
417 1369 539 1444 θυσίας
562 1375 697 1434 κεῖσθαι
720 1360 782 1453 τὴν
805 1367 895 1448 λέξιν
922 1365 1024 1449 λέγει,
1052 1356 1139 1431 ὅθεν
1165 1366 1225 1430 καὶ
1252 1357 1365 1449 ἀναρ-

196 1472 307 1561 ρύειν
331 1477 413 1562 φησὶ
435 1467 475 1539 τὸ
500 1470 608 1540 θύειν.
633 1475 690 1538 καὶ
713 1466 733 1560 ἦ
757 1475 861 1540 θυσία
884 1465 1110 1559 ἀνάρρυσιςῖ).
1174 1472 1177 1479 '

287 1583 339 1647 54.
373 1581 548 1646 Eustath.
572 1604 601 1664 p.
628 1582 727 1657 1603,
750 1582 792 1645 59
820 1579 979 1646 fusissime
1006 1579 1047 1644 de
1075 1577 1224 1664 ἐνεγκεῖν
1251 1577 1367 1643 aoristo

198 1690 363 1772 disputans
381 1688 548 1752 verborum
568 1688 813 1770 compositorum
832 1685 1077 1771 significationes
1096 1689 1273 1760 enumerat,
1293 1704 1367 1769 quo-

196 1817 267 1858 rum
295 1815 407 1876 agmen
436 1795 557 1858 claudit
585 1786 786 1879 ἀνενεγκεῖν.
828 1786 869 1858 τὸ
896 1793 1013 1877 μέντοι
1040 1783 1276 1875 ἀνενεγκεῖν
1305 1785 1368 1873 ἔχει

158 1921 183 1961 15
197 1901 305 1966 πλείω
328 1892 404 1964 τινὰ
429 1896 610 1986 διατριβήν.
636 1891 688 1965 ὅτι
710 1900 772 1984 μὲν
795 1891 857 1984 γὰρ
882 1892 1073 1983 ἀνενεγκεῖν
1095 1897 1227 1982 λέγεται
1249 1897 1308 1961 καὶ
1329 1887 1367 1960 τό

196 1998 375 2090 ἀναγαγεῖν
402 2029 435 2069 τι
463 2007 519 2070 καὶ
547 1998 586 2070 τὸ
616 1999 793 2092 ἀναβῆναι,
829 2008 927 2092 δηλοῖ
956 1997 995 2070 τὸ
1023 2003 1092 2085 ,εἰς
1117 1995 1159 2069 τὸ
1187 1998 1368 2088 Κωρύκιον

197 2104 415 2178 ἀνενείκαντο
449 2113 537 2194 (Her.
566 2113 654 2177 VIII.
682 2115 761 2198 36)“
793 2106 898 2198 ἤγουν
930 2103 1104 2198 ἀνέβησαν.
1138 2111 1196 2175 καὶ
1227 2102 1269 2175 τὸ
1302 2107 1369 2190 ,είς

197 2214 362 2304 Σπάρτην
391 2211 632 2284 ἀνενείκαντο(
660 2220 717 2283 καὶ
745 2210 842 2284 αύτοὶ
866 2210 1041 2306 ἀνέβησαν.
1076 2208 1129 2283 ὅτι
1153 2216 1189 2282 δὲ
1211 2217 1272 2281 καὶ
1294 2207 1370 2281 ἀντὶ

196 2332 261 2389 τοῦ
293 2317 478 2390 ἀνέπνευσε
511 2337 617 2391 κεῖται
651 2317 737 2391 κατὰ
764 2326 1011 2404 Παυσανίαν,
1044 2325 1140 2411 δηλοῖ
1167 2317 1370 2408 Θεόπομπος

158 2453 184 2492 ιο
198 2430 251 2516 (fr.
271 2432 344 2497 336.
364 2432 466 2517 Miill.)
491 2425 610 2497 εἰπάιν·
635 2426 794 2515 ,ἄφωνος
818 2430 963 2516 ἐγένετο·
988 2427 1103 2496 ἔπειτα
1125 2428 1244 2515 μέντοι
1266 2424 1369 2494 πάλιν

286 2591 308 2660 ⁸)
327 2591 361 2646 cf.
381 2592 452 2646 Prol.
472 2609 499 2661 p.
518 2593 542 2645 8.
572 2592 639 2646 Cum
661 2592 753 2660 priore
776 2591 936 2646 testimonio
959 2589 1105 2645 coniuncta
1128 2589 1199 2643 haec
1218 2585 1369 2658 explicatio

197 2681 271 2735 redit
289 2680 318 2734 in
337 2681 382 2734 Et.
401 2682 439 2734 M.
459 2681 501 2743 94,
521 2681 564 2734 55.

285 2769 307 2838 ⁴)
327 2768 418 2822 Meier
435 2764 522 2842 -δᾴδια
546 2768 630 2822 scribi
655 2768 745 2836 iubet,
769 2785 830 2822 cum
855 2767 939 2822 etiam
964 2768 1039 2836 apud
1061 2767 1163 2821 Athen.
1183 2765 1259 2820 XIV.
1279 2764 1368 2820 645A.

196 2852 347 2926 ἀμφιφῶν·
376 2859 504 2920 πλακοῦς
528 2854 663 2928 Ἀρτέμιδι
692 2854 895 2924 ἀνακείμενος,
927 2848 985 2926 ἔχει
1010 2853 1041 2909 δὲ
1065 2851 1096 2909 ἐν
1119 2849 1216 2926 κύκλῳ
1240 2847 1368 2921 καόμενα

197 2940 277 3021 δᾴδια
295 2947 411 3014 legatur.
450 2946 525 3013 Quae
545 2946 704 3000 coniectura
728 2945 818 3000 minus
841 2944 994 3014 probabilis
1013 2943 1166 3007 videbitur,
1191 2941 1215 2997 si
1232 2942 1303 2997 Poll.
1321 2940 1366 2996 VI.

197 3035 238 3089 75.
269 3030 461 3102 ἀμφιφῶντες.
491 3024 540 3096 elic
560 3027 665 3104 ἔφερον
685 3032 725 3098 είς
749 3034 914 3103 Μουνυχίαν
934 3027 1101 3104 Ἀρτέμιδος,
1131 3032 1219 3106 δᾷδας
1242 3023 1368 3101 ἡμμένας

196 3118 406 3191 περιπήξαντες
425 3139 487 3176 cum
505 3123 663 3177 testimonio
676 3122 838 3191 Apollodori
851 3121 1062 3191 comparaveris.
1090 3121 1167 3175 Duas
1179 3119 1245 3174 illas
1263 3120 1366 3189 glossas

196 3227 250 3264 non
270 3210 474 3279 coniungendas
490 3212 540 3264 ssd
558 3214 743 3266 secernendos
763 3226 824 3266 esse
838 3212 983 3280 episcopus
1002 3210 1062 3279 ipse
1076 3211 1256 3264 demonstrat.
1280 3208 1365 3262 Athe·

197 3298 262 3352 naei
280 3300 357 3352 locus
376 3315 430 3353 non
450 3300 485 3353 ad
505 3299 635 3363 alteram,
660 3302 709 3355 sed
728 3301 764 3354 ad
783 3301 903 3368 priorem
922 3299 1077 3354 Pausaniae
1095 3300 1185 3352 locum
1203 3295 1366 3352 referendus

197 3392 253 3455 σείς
273 3403 327 3441 non
346 3388 431 3456 igitur
450 3393 501 3456 est,
521 3405 570 3442 cur
588 3390 695 3443 Meiere
714 3393 827 3443 auctore
845 3394 989 3443 mutemus.

242 3477 285 3532 52.
306 3478 327 3542 1)
347 3477 465 3530 Conven.
483 3477 548 3531 Hes.
569 3477 677 3532 Similia
695 3478 739 3532 Et.
754 3479 791 3532 M.
808 3479 850 3542 93,
871 3479 913 3545 12,
935 3475 982 3545 qui
1001 3475 1174 3530 Methodium
1192 3473 1298 3529 laudat.
1325 3472 1365 3527 Da

197 3566 294 3620 eadem
313 3581 379 3619 voce
399 3566 458 3634 agit
476 3566 544 3620 Poll.
560 3567 594 3620 ΙΙ.
611 3566 653 3621 83.
670 3567 705 3619 X.
721 3568 790 3633 115,
810 3569 953 3634 testesque
967 3565 1110 3619 Platonem
1125 3562 1321 3632 philosophum
1338 3563 1366 3615 et

197 3654 364 3724 Aeschylum
384 3654 497 3724 profert.

240 3744 282 3797 53.
303 3745 324 3808 ²)
343 3745 442 3798 Altera
452 3744 526 3798 vocis
542 3743 708 3812 significatio
723 3744 808 3797 multo
824 3742 947 3797 crebrior
960 3743 1061 3796 iterum
1077 3741 1235 3810 explicatur
1244 3740 1280 3795 ab
1289 3738 1365 3794 Euat.

195 3832 257 3896 308,
276 3832 319 3885 44.
339 3833 418 3894 1624,
437 3833 490 3898 30.,
511 3833 672 3901 quibuscum
691 3831 817 3886 conferas
836 3831 911 3886 Suid.
926 3847 947 3885 s.
966 3848 991 3885 v.
1010 3825 1137 3899 ἀμφῶες,
1155 3829 1201 3884 Et.
1219 3829 1260 3884 M.
1279 3826 1324 3897 94,
1341 3828 1364 3882 ’1.

195 3919 290 3973 Etiam
309 3921 343 3974 de
363 3922 431 3975 cado
451 3921 625 3989 proverbium
645 3918 729 3990 μέχρι
748 3923 806 3973 τῶν
819 3915 991 3988 ἀμφωτίδων
1007 3919 1111 3974 dictum
1126 3934 1186 3974 esse
1201 3916 1366 3988 putaverim.

197 4006 231 4060 cf.
252 4007 327 4063 Suid.
348 4025 368 4063 s.
387 4026 411 4063 v.
431 4012 559 4078 Append.
579 4010 656 4064 Prov.
676 4010 726 4063 III.
746 4011 788 4064 89.
808 4008 872 4063 DV.
891 4004 943 4063 III.
964 4008 1005 4062 19.

286 4098 306 4160 1)
324 4097 366 4150 De
392 4095 471 4169 ῥύειν
489 4103 533 4165 (=
557 4097 726 4168 sacrificare)
751 4096 838 4151 ceteri
857 4097 971 4166 lexiogr.
991 4096 1031 4150 nil
1049 4097 1170 4152 tradunt.
1208 4095 1279 4151 Tam
1296 4093 1367 4149 mira

196 4187 240 4238 est
258 4185 422 4255 explicatio,
441 4192 472 4240 ut
490 4187 568 4242 Euat.
588 4187 719 4241 nonnulla
738 4186 895 4241 confudisse
914 4187 1078 4255 putaverim.
1115 4187 1221 4241 Eadem
1240 4184 1367 4240 daona

195 4273 315 4327 iteratur
333 4291 377 4344 ap.
392 4276 470 4330 Eust.
485 4293 512 4343 p.
528 4277 589 4344 250,
605 4279 647 4332 16.
663 4275 772 4330 nomine
787 4275 941 4330 Pausaniae
956 4275 1059 4330 addito.
1089 4275 1196 4330 Similia
1214 4275 1303 4329 habes
1321 4286 1365 4343 ap.

196 4362 239 4416 Et:
260 4364 298 4416 M.
319 4365 360 4427 98,
382 4367 423 4418 56.
444 4365 510 4418 Hes.
530 4365 604 4419 Suid.
625 4366 714 4419 Schol.
734 4367 781 4419 Ar.
800 4365 864 4419 Pac.
884 4364 944 4419 890.
965 4364 1062 4432 Eupol.
1083 4364 1115 4419 fr.
1135 4364 1196 4419 995.
1215 4362 1304 4418 Kock.
