3000 5040
683 281 745 350 155

125 443 184 509 καὶ
206 437 294 522 cina,
317 433 408 508 σύτο)
431 444 487 508 καὶ
510 436 655 529 ἤνεγκα
677 445 734 508 καὶ
757 438 935 530 ἤνεγκον.
965 447 1020 511 καί
1044 451 1172 531 μᾶλλον
1190 455 1292 514 τοῦτο

125 543 173 627 ώς
197 542 216 615 ά
239 540 388 634 κωμικὸς
411 547 448 615 ἐν
470 545 694 636 Λυσιστράτῃ·
719 552 822 637 (984.)

179 647 312 722 τάλαιν’
336 647 402 742 ἐγώ
424 648 464 723 τὸ
488 652 606 742 ῥόδιον
628 651 772 744 ἤνεγκον
793 650 902 744 μυρόν

125 770 189 830 τοῦ
208 763 244 830 δὲ
264 757 380 850 ἐτέρου
396 768 509 850 χρῆσις
531 755 615 850 παρ’
634 757 811 851 Εὐριπίδῃ·

179 864 302 958 ἤνεγκα
324 862 506 952 κάξέσώσα.
1320 899 1333 936 5

218 977 289 1044 157.
321 977 495 1043 Eustath.
512 999 542 1061 p.
564 977 658 1054 1283,
678 979 707 1043 6.
740 977 776 1043 ἐν
795 978 832 1045 δὲ
853 990 924 1057 τοϊς
942 982 1209 1066 Παυσανίουῑ)
1228 994 1294 1046 κεῖ-

126 1108 182 1151 ται
204 1091 323 1151 ταῦτα·
348 1080 565 1171 εἰρεσιώνη.
589 1077 718 1163 θαλλὸς
736 1083 846 1163 ἐλαίας
866 1084 1062 1172 ἐστεμμένος
1080 1086 1169 1173 ἐρίῳ,
1191 1105 1293 1174 προσ-

125 1191 352 1278 κρεμαμένους
375 1187 461 1276 ἔχων
484 1186 668 1277 διαφόρους
691 1190 728 1256 ἐκ
750 1201 808 1280 γῆς
829 1190 988 1278 καρπούς.
1014 1201 1138 1260 τοῦτον
1161 1193 1295 1280 ἐκφέρει

125 1311 205 1377 παῖς
228 1289 420 1384 ἀμφιθαλὴς
443 1299 500 1363 καὶ
521 1299 636 1384 τίθησι
658 1290 725 1384 πρὸ
749 1304 870 1384 θορών
894 1307 956 1366 τοῦ
974 1293 1183 1378 Ἀπόλλωνος
1202 1299 1295 1388 ἱεροῦ

127 1405 165 1472 ἐν
182 1417 254 1484 τοῖς
271 1406 478 1489 πυανεφίοις.
507 1405 636 1490 λέγεται
653 1401 726 1492 γάρ,
750 1424 857 1493 φησι,
884 1408 1001 1494 θησέα,
1020 1398 1076 1475 ὅτε
1095 1407 1141 1485 είς
1158 1404 1294 1495 Κρήτην
1309 1431 1334 1470 ιο

128 1510 222 1580 ἔπλει
257 1507 471 1598 προσσχόντα
507 1507 603 1598 Δήλῳ
640 1518 681 1595 τῃ
716 1508 808 1599 νῆσῳ
848 1507 901 1580 διά
935 1522 1096 1599 χειμώνα,
1133 1508 1294 1596 εὔξασθαι

127 1612 307 1688 ’scottum
328 1619 606 1703 καταστέφασθαι
628 1614 765 1697 κλάδοις
788 1619 909 1701 ἐλαίας,
933 1621 961 1686 εί
983 1615 1045 1687 τὸν
1067 1617 1295 1708 Μινώταυρον

127 1729 259 1805 κτείνας
277 1733 385 1810 σωθῇ,
408 1727 465 1791 καὶ
481 1721 666 1793 θυσιάσειν.
709 1728 766 1792 καὶ
787 1733 871 1812 γοῦν
893 1719 956 1814 τῆν
980 1725 1147 1816 ἱκετηρίαν
1169 1725 1295 1816 ταύτην

127 1833 338 1918 καταστέψας
374 1831 503 1918 λέγεται
537 1828 658 1919 χύτρας
690 1826 823 1919 άθάρας
854 1837 912 1900 καὶ
943 1832 1060 1913 ἔτνους
1091 1837 1148 1901 καὶ
1179 1827 1295 1920 βωμὸν

127 1936 337 2026 ἱδρύσασθαι.
363 1930 415 2006 διὸ
434 1940 491 2005 καὶ
509 1939 679 2024 πυανέφια
697 1940 865 2026 λέγεσθαι,
889 1936 962 2008 οἷον
981 1942 1159 2028 κυαμέψια,
1183 1935 1236 2009 διά
1254 1935 1294 2009 τὸ
1310 1963 1335 2002 1⁵

126 2043 280 2132 κυάμους
302 2042 471 2133 πρότερον
493 2037 573 2124 τοὺς
594 2043 743 2132 κυάμους
765 2053 950 2114 καλεῖσθαι.
975 2037 1058 2135 ἤχου
1082 2049 1118 2115 δε
1141 2042 1219 2116 ἐσθ’
1239 2039 1295 2117 ὅτε

125 2161 232 2221 ταῦτα
254 2151 389 2220 καὶέπὶ
412 2146 591 2239 άποτροπῃ
613 2158 720 2238 λιμοῦ.
744 2143 829 2238 ἤδον
853 2155 889 2221 δε
912 2157 1028 2234 παῖδες
1051 2147 1157 2221 ούτοο·

286 2255 459 2347 εἰρεσιώνη
483 2267 568 2326 σῦκα
591 2260 685 2346 φέρει
708 2263 765 2326 καὶ
787 2263 908 2339 πίονας
932 2256 1055 2348 άρτους

286 2369 344 2432 καὶ
365 2367 498 2452 μέλιτος
520 2363 665 2454 κοτύλην
687 2369 744 2433 καί
767 2365 881 2434 ἔλαιον
905 2366 1149 2456 ἐπικρῆσασθαι

286 2476 344 2540 καὶ
365 2469 486 2540 κύλικα
509 2468 668 2560 εὔζωρον,
691 2473 746 2540 ίνα
767 2472 942 2559 μεθύουσα
965 2473 1125 2560 καθεύδῃ.
1310 2501 1335 2538 ιο

124 2574 208 2667 μετὰ
226 2581 263 2648 δὲ
281 2573 343 2669 τῆν
362 2575 481 2669 ἑορτὴν
500 2579 564 2663 ἐξοο
583 2575 696 2668 άγρών
714 2583 846 2649 τιθέασι
864 2574 955 2669 παρά
979 2576 1037 2661 τάς
1060 2580 1175 2669 θύρας.
1207 2579 1294 2668 Κρά-

126 2712 185 2777 της
203 2688 251 2771 δέ,
269 2707 402 2777 φησιν,
421 2682 564 2775 άφορίας
577 2689 661 2755 ποτὲ
676 2685 901 2777 κατασχούσης
916 2682 1056 2777 Άθῆνας
1070 2682 1220 2768 θαλλοὺς
1238 2714 1295 2756 κα-

125 2795 358 2880 ταστέφαντας
376 2795 477 2881 ἐρίοις
495 2793 663 2883 ἱκετηρίαν
682 2788 1062 2862 άναθείναιΆπόλλώνι.
1088 2790 1294 2882 άλλαχοῦθ)

175 2994 237 3049 157.
258 2994 278 3060 ¹)
296 2991 451 3047 Pausaniae
470 2991 596 3046 doctrina
618 2991 678 3046 fere
698 2989 846 3057 αὐτολεξεί
867 2990 987 3046 recurrit
1004 3007 1049 3061 ap.
1068 2993 1142 3048 Suid.
1162 3009 1183 3048 s.
1204 3011 1227 3047 v.
1264 2995 1296 3046 In

128 3083 251 3138 carmine
270 3085 363 3136 autem
383 3076 595 3150 ἀποψήσασθαι
614 3082 774 3147 exhibetur,
798 3082 891 3151 paullo
914 3085 979 3137 ante
1009 3078 1056 3137 ἐπί
1083 3086 1119 3152 τῇ
1145 3077 1297 3153 ἀποτροπῇ

128 3173 236 3239 λοιμῶν
258 3171 304 3239 (cf.
323 3171 413 3226 Schol.
433 3173 480 3224 Ar.
498 3171 548 3238 Eq.
569 3172 630 3236 725)
654 3174 684 3225 et
708 3165 821 3240 Κράτης
839 3167 855 3225 ί
870 3168 1016 3239 Ἀθηναῖος
1040 3168 1071 3226 έν
1092 3175 1135 3245 τῷ
1154 3174 1297 3243 περὶτῶν

124 3254 256 3328 Ἀθήνησι
279 3260 391 3314 θυσιῶν
412 3257 474 3313 fons
497 3259 578 3313 huius
602 3259 796 3328 explicationis
820 3259 906 3314 fuisse
928 3260 1057 3315 traditur.
1091 3263 1150 3316 Iam
1173 3266 1296 3316 veterem

129 3348 216 3404 fuisse
235 3347 388 3404 doctrinam
408 3349 488 3403 docet
506 3349 577 3402 Plut.
591 3349 673 3402 Thes.
687 3350 734 3416 22,
754 3349 801 3417 qui
821 3347 926 3403 eisdem
945 3349 1004 3403 fere
1021 3349 1113 3405 verbis
1132 3351 1228 3404 eadem
1248 3351 1294 3404 do·

129 3443 175 3494 cet
193 3440 279 3506 atque
294 3436 452 3492 Pausanias.
468 3437 615 3492 —Altera
633 3436 766 3505 doctrina,
786 3453 867 3506 quam
878 3437 1018 3506 'optimam
1037 3440 1123 3494 habes
1142 3455 1186 3508 ap.
1206 3438 1295 3494 Schol.

128 3529 177 3582 Ar.
189 3526 240 3595 Eq.
254 3527 314 3594 725,
335 3529 504 3581 contractam
520 3529 549 3580 et
567 3531 724 3595 corruptam
743 3527 820 3581 vides
839 3542 882 3596 ap.
897 3527 985 3581 Schol.
999 3529 1046 3580 Ar.
1064 3527 1135 3582 Plut.
1155 3528 1231 3582 1054.
1251 3527 1296 3596 (=

129 3614 203 3670 Suid.
223 3615 260 3684 gl.
274 3617 299 3670 2.
314 3616 350 3680 3.)
368 3616 433 3669 Hes.
453 3615 603 3669 -Tertia
622 3614 747 3670 doctrina
765 3630 808 3684 ap.
827 3616 859 3669 B.
878 3617 912 3669 A.
931 3616 991 3679 246,
1011 3616 1054 3680 27,
1075 3632 1145 3683 quae
1165 3632 1199 3670 ex
1216 3619 1296 3685 parte

129 3703 256 3774 congruit
276 3721 336 3758 cum
356 3704 445 3759 Schol.
458 3704 537 3757 Dem.
550 3704 638 3759 Patrn.
652 3703 680 3757 in
693 3703 765 3758 Bull.
779 3707 813 3758 de
832 3721 899 3760 corr.
918 3705 1018 3758 hellen.
1033 3705 1054 3758 Ι.
1069 3705 1127 3758 149.

219 3792 325 3858 ¹)Oum
350 3786 497 3863 εἰρεσιώνη
521 3808 587 3848 voce
611 3792 706 3847 confer
728 3793 806 3847 Phot.
829 3793 894 3847 Hes.
914 3809 935 3847 s.
955 3810 979 3846 v.
999 3787 1114 3855 πύανοι,
1138 3794 1216 3848 Eust.
1235 3793 1296 3858 254,

129 3882 172 3937 37.
192 3881 253 3947 948,
272 3880 315 3935 28.
334 3881 402 3936 Poll.
421 3882 468 3936 Vl.
488 3883 529 3936 61.
549 3883 614 3936 Ath.
635 3881 683 3935 IX.
696 3881 788 3934 408n.
804 3881 876 3936 XIV.
892 3881 990 3943 648Β.,
1009 3897 1061 3948 qna
1081 3897 1116 3935 ex
1134 3897 1199 3936 voce
1220 3882 1296 3935 Ποα-

130 3964 219 4039 νόψια
237 3985 336 4024 nomen
355 3969 473 4025 traxisse
492 3974 600 4024 veteres
619 3970 726 4024 docent.
757 3969 796 4023 Of.
812 3970 876 4023 Hes.
894 3970 979 4038 Harp.
1001 3969 1055 4036 (oui
1078 3970 1173 4038 inepta
1192 3976 1296 4041 etymo-

129 4059 203 4128 logia
222 4074 239 4113 a
257 4073 323 4114 voce
344 4053 480 4128 Πανόψια
498 4063 588 4113 tracta
607 4057 790 4113 adscribenda
808 4063 858 4122 est,
879 4057 912 4112 cf,
927 4064 982 4112 not.
996 4060 1020 4126 3,
1040 4074 1095 4112 non
1113 4058 1247 4128 Lycurgo,
1266 4064 1297 4112 ut

131 4147 238 4203 Preller
257 4147 303 4202 Gr.
322 4148 438 4218 Mythol.
457 4149 491 4203 1⁴.
511 4166 537 4217 p.
557 4149 617 4204 262.
636 4153 690 4201 not.
711 4148 728 4200 3
747 4145 849 4213 voluit).

220 4236 242 4304 ⁸)
261 4237 327 4292 Sine
350 4236 432 4292 dubio
451 4237 534 4292 alteri
553 4236 693 4292 atticistae
712 4234 901 4304 attribuenda,
926 4251 987 4289 cum
1011 4237 1140 4291 concinat
1161 4238 1205 4291 Et.
1226 4237 1295 4292 (ind.

134 4325 197 4391 170,
218 4326 260 4381 14.
279 4325 324 4380 Et.
343 4327 382 4382 M.
400 4328 466 4391 303,
486 4327 532 4394 18,
557 4327 635 4381 cuius
657 4326 748 4393 glossa
766 4328 806 4389 (nt
824 4323 895 4378 Mill.
914 4325 978 4380 Mel.
997 4341 1024 4393 p.
1044 4327 1096 4381 103
1115 4330 1243 4395 testatur)
1262 4342 1297 4381 ex

132 4412 220 4471 lexico
242 4414 382 4471 rhetorico
404 4416 495 4487 potita
517 4422 567 4471 est.
605 4415 692 4484 Quam
715 4415 834 4484 glossam
857 4413 951 4468 multis
977 4414 1047 4470 locis
1075 4432 1137 4470 cum
1159 4416 1297 4471 Pausania
