3000 5040
811 235 877 302 244

260 395 395 484 φέρεται
423 397 480 461 καὶ
508 389 561 462 ὅτι
590 395 760 482 ίζαλοςῐ)
788 389 807 462 ὁ
836 395 1024 483 προπηδῶν
1055 395 1113 460 καὶ
1139 393 1276 474 τέλειος.
1319 392 1364 461 ἒν
1394 395 1436 462 δὲ

261 499 395 589 ἑτέρῳ,
423 497 477 569 ὅτι
504 493 618 589 ὥσπερ
640 503 796 591 παρδαλῆ
823 506 880 569 καὶ
907 508 1042 591 λεοντῆ,
1071 495 1172 591 οὕτωι
1190 503 1250 569 καὶ
1276 500 1434 591 ίξα1ῆ1)

260 610 366 697 αίχεία
388 611 662 697 περισπωμένως.Ι
694 610 766 677 ἐπεὶ
789 611 896 693 ίξαλοι
919 606 1015 696 αἶγες.
1047 609 1178 696 λέγεται
1201 609 1323 676 δὲκαὶ
1347 603 1435 676 ἄλλα

260 717 307 797 είς
328 726 430 785 τοῦτο
453 710 545 805 παρὰ
568 732 639 796 τοῖς
661 723 815 796 παλαιοῖς
839 715 994 804 διάφορα.

233 845 246 886 ι
348 826 423 891 399.
445 827 617 892 Eustath.
636 849 666 909 p.
687 826 782 903 1750,
800 826 830 893 5.
854 821 1085 911 iovddrioc¹)
1104 825 1141 891 δὲ
1158 816 1180 914 ἢ
1196 831 1256 913 τῆς
1274 824 1358 904 νέας
1376 825 1434 912 (oo

259 928 365 1019 αἰγὸς)
388 925 474 998 κατὰ
497 924 577 1010 τοὺς
599 924 763 1010 παλαιοὺς
785 924 806 1020 ἢ
829 941 887 1020 τῆς
904 933 1035 1018 ταχείας
1056 923 1150 1018 παρὰ
1171 923 1212 999 τὸ
1235 931 1325 999 ἰέναι
1345 924 1433 1020 ἄόην

261 1079 301 1090 -
324 1032 345 1126 ἢ
367 1048 426 1128 τῆς
450 1041 592 1120 δασείας,
616 1039 807 1128 (ίονθοι1)
830 1036 892 1127 γάρ
916 1056 1020 1122 φασιν
1043 1036 1077 1105 αἱ
1099 1035 1187 1126 ῥίζαι
1204 1040 1262 1106 καί
1280 1037 1319 1106 αἱ
1335 1047 1432 1128 πρῶ-

258 1170 313 1214 ται
343 1154 415 1213 τῶν
446 1143 548 1234 ῥιζῶν
581 1142 749 1234 ἐκφύσεις)
781 1139 802 1234 ἢ
833 1155 892 1234 τῆς
924 1143 1060 1234 ἐχούσης
1091 1142 1249 1228 ίόνθονς,
1281 1137 1305 1213 δ’
1338 1146 1434 1214 ἐστιν

259 1251 473 1342 ἐξανθήματα
497 1251 664 1339 σώματός,
692 1270 825 1342 φησιν,
853 1245 1062 1340 ἀκμάζοντος
1090 1244 1191 1340 [ἅπερ
1219 1251 1254 1321 οἱ
1281 1262 1349 1323 νῦν
1369 1279 1431 1342 χν-

219 1382 245 1422 10
260 1363 430 1444 δαίζοντες
452 1357 654 1444 ίονθονάριά
677 1365 805 1446 φασιν).
829 1362 886 1427 καὶ
905 1362 1000 1428 δοκεῖ
1020 1357 1235 1449 πιθανότητα
1258 1357 1349 1448 ἔχειν
1369 1360 1433 1450 μά-

259 1475 354 1536 λιστα
386 1461 405 1535 ὁ
439 1476 592 1546 τοιοῦτος
624 1476 711 1546 νοῦς.
754 1461 843 1547 εἰκὸς
869 1460 932 1554 μὰρ
960 1460 1002 1534 τὰ
1029 1477 1170 1535 τοιαῦτα
1202 1469 1352 1556 δέρματα
1385 1470 1434 1550 είς

260 1567 436 1663 στρωμνὴν
460 1571 545 1642 εἶναι
566 1568 705 1663 χρηστὰ,
729 1567 775 1654 ὡς
796 1568 841 1664 μὴ
865 1568 1130 1664 εὖχρηστούμενα
1154 1575 1200 1655 εἰς
1222 1567 1351 1657 α’σκοὺς
1375 1570 1432 1645 διὰ

257 1675 337 1762 τούς
356 1679 504 1761 ίόνθους.
530 1682 567 1749 ἐκ
585 1691 656 1749 τῶν
674 1679 806 1750 ίόνθιον
822 1683 858 1750 δὲ
877 1685 935 1749 καὶ
950 1675 990 1749 τὸ
1010 1680 1302 1771 ίξιονθίζειν1),
1319 1678 1429 1774 ἤγουν

259 1789 297 1856 ἐκ
320 1787 423 1877 ῥιζῶν
446 1790 552 1876 αἴρειν
574 1782 634 1868 τὰς
656 1791 777 1875 τρίχας,
801 1782 848 1869 ὡς
867 1789 908 1858 ἐν
930 1787 1130 1877 ῥητορικῷ
1148 1795 1292 1877 λεζικῴ
1311 1803 1431 1859 κεῖται.

220 1918 245 1960 ιι
259 1896 433 1984 ίονθοιῧ)
456 1893 529 1982 γάρ,
552 1913 686 1984 φησιν,
711 1895 745 1962 ui
767 1905 899 1984 πρῶται
922 1893 1089 1983 φυόμεναι
1111 1899 1226 1984 τρίχες.

824 2226 862 2287 Κ.

349 2400 424 2466 400.
457 2399 629 2466 Eustath.
653 2422 682 2484 p.
709 2399 808 2477 1571,
832 2400 883 2467 56.
920 2410 1058 2487 καϊρος
1086 2401 1124 2469 δέ
1149 2418 1232 2485 φασι
1259 2402 1319 2467 καὶ
1345 2403 1433 2467 καί·

259 2508 418 2596 ρωμαῑ)
446 2497 487 2572 τὸ
512 2501 709 2591 διάπλεχμα,
737 2494 757 2570 ὃ
780 2497 844 2571 οὐκ
867 2504 905 2596 ἐᾷ
927 2499 1007 2586 τοὺς
1031 2504 1195 2595 στήμονας
1219 2507 1431 2594 σνχχέεσθαι.

261 2614 296 2697 ἐξ
323 2602 364 2680 οὗ
392 2615 449 2679 καὶ
476 2612 797 2700 καιροοστρίδεςῖ)
825 2605 1132 2700 ἢκαιρωστίδες
1158 2627 1314 2701 γυναῖκες
1335 2607 1433 2701 παρὰ

352 2867 371 2932 ι)
390 2865 458 2920 Cum
481 2862 597 2918 alterius
620 2861 704 2917 lexioi
727 2862 819 2932 glossa
842 2862 973 2920 conflavit
994 2864 1072 2920 Phot.
1106 2863 1146 2919 ef.
1170 2862 1244 2920 Suid.
1268 2864 1336 2920 Ηοι.
1359 2880 1383 2919 ιι.
1403 2882 1428 2921 r.

261 2948 366 3019 ἰξάλου.
392 2954 461 3007 Lex.
481 2953 593 3007 Baohm.
613 2953 675 3020 262,
695 2952 736 3007 18.
755 2953 800 3008 Et.
819 2953 856 3008 M.
876 2954 937 3018 471,
951 2955 984 3008 41
1004 2958 1048 3021 (==
1066 2953 1155 3009 schol.
1168 2953 1248 3008 Hom.
1264 2954 1287 3007 Δ
1306 2953 1370 3025 107)
1382 2954 1430 3009 ut.

260 3043 330 3099 (iud.
350 3043 416 3111 279,
435 3043 478 3097 35.
497 3041 625 3110 Apollou.
649 3041 704 3096 lox.
722 3044 794 3097 hom.
813 3058 841 3112 p.
860 3044 907 3110 91,
928 3044 969 3099 17.
993 3042 1081 3098 Bakk.
1104 3041 1232 3097 Eustath.
1251 3058 1279 3112 p.
1298 3041 1365 3108 373,
1385 3043 1431 3098 29.

261 3133 339 3200 1750,
358 3132 383 3186 8.

350 3220 370 3287 ²)
390 3220 471 3275 Gonu.
490 3220 568 3274 Phot.
587 3220 648 3289 l.1.‚
669 3219 703 3276 of.
718 3220 842 3276 Erotion.
861 3238 887 3290 p.
908 3222 950 3286 79,
964 3221 989 3275 7.
1009 3221 1105 3276 Galen.
1118 3220 1173 3276 lox.
1186 3219 1270 3290 Hipp.
1283 3220 1337 3275 rol.
1350 3219 1431 3276 XIX.

261 3326 288 3378 p.
308 3311 368 3365 106.
387 3310 478 3364 Kuhu.
498 3312 549 3378 Ap.
569 3309 699 3365 Euatath.
718 3327 745 3380 p.
758 3312 819 3379 276,
840 3312 881 3364 11.
901 3316 1008 3381 τραγαῖ
1023 3311 1134 3366 vocibus
1152 3325 1236 3380 supra
1254 3309 1350 3366 allatio
1369 3310 1431 3366 adi·

262 3399 371 3453 ciuntur
390 3403 420 3453 ot
438 3401 474 3454 ad
493 3399 611 3453 eundem
629 3399 732 3454 fontem
751 3401 926 3455 reducendae
946 3415 1006 3454 assa
1025 3400 1159 3456 videntur.

304 3489 365 3543 399.
394 3487 586 3543 Atticisturum
601 3487 754 3543 doctrinam
767 3488 864 3543 debari
877 3488 1105 3558 Aristophani
1117 3489 1189 3558 Byz.
1204 3490 1287 3545 dooat
1304 3505 1332 3559 p.
1349 3490 1431 3559 1626,

260 3579 302 3634 36.
321 3578 429 3634 Nauck.
448 3595 474 3647 p.
495 3578 555 3633 104.
576 3578 635 3632 107.
654 3580 711 3630 not.
730 3577 773 3632 39.

351 3669 373 3734 1)
392 3667 527 3736 Quattuor
550 3667 693 3721 notionum
715 3666 805 3735 prima
824 3667 1028 3737 Aristophaneo
1047 3672 1102 3734 θείς
1130 3666 1221 3724 altaro
1243 3667 1365 3725 recurrit
1383 3685 1430 3742 ap.

259 3757 334 3823 Heu,
354 3755 388 3810 of.
408 3755 534 3825 Apollou.
553 3756 607 3811 lox.
627 3757 698 3810 hom.
718 3772 744 3824 p.
764 3756 807 3822 91,
825 3757 869 3811 30.
888 3757 976 3811 Bokk.

349 3846 370 3911 ς)
390 3845 429 3900 Cf.
450 3846 516 3900 Heu.
536 3862 556 3899 s.
576 3863 600 3899 v.
621 3841 772 3912 ἐξιονθίζω
790 3846 879 3916 τρίχα.

347 3935 369 4000 1)
389 3934 429 3989 Cf.
448 3935 493 3990 Et.
512 3936 549 3989 M.
569 3936 630 4003 413,
651 3937 692 4004 18,
713 3951 793 4003 quam
812 3952 872 3990 oum
892 3935 976 3991 Suida
995 3939 1124 4005 corrupto
1143 3935 1300 4006 coniungas.

303 4025 363 4080 400.
392 4025 522 4080 Fortasse
545 4025 615 4079 haec
638 4024 737 4089 omnia,
762 4040 818 4078 non
837 4026 924 4080 solum
942 4024 1040 4080 ultima
1058 4025 1157 4093 verba,
1181 4042 1215 4081 ax
1238 4024 1430 4084 attioiotarum

260 4112 370 4168 scriniis
388 4114 424 4168 ab
444 4114 574 4182 episcopo
592 4115 756 4182 deprompta
775 4118 846 4170 aunt.

349 4203 371 4272 1)
390 4203 531 4271 Nusquam
550 4202 675 4258 iuvenire
694 4203 779 4272 potui.

350 4292 370 4358 ²)
389 4293 470 4348 Conv.
490 4292 563 4346 Suid.
584 4292 641 4360 (qui
660 4292 796 4363 καίρωσις
814 4308 907 4348 vocem
927 4292 1023 4362 addit),
1047 4293 1082 4349 oi.
1101 4293 1166 4348 Heu.
1180 4293 1226 4348 ut.
1240 4293 1278 4349 M.
1297 4294 1365 4358 498,
1387 4297 1431 4352 11.

259 4380 327 4437 Poll.
346 4381 407 4436 VII.
426 4382 469 4436 33.
507 4383 595 4437 Oram.
615 4384 667 4436 Au.
687 4383 748 4438 Par.
769 4384 815 4436 IV.
835 4384 877 4448 62,
896 4383 938 4438 26.
