3000 5040
751 253 815 318 220

285 410 359 476 329.
382 412 556 478 Eusteth.
571 435 600 496 p.
618 412 713 489 1445,
727 411 779 479 58.
803 405 844 478 τὰ
864 420 935 478 τῶν
953 409 1168 498 τρυφώντων
1186 404 1350 496 ψαιστὰῐ)
1412 386 1414 425 ³

196 511 320 600 ἄλφιτα
344 511 442 599 ὄντα,
470 510 555 584 κατὰ
579 521 823 600 Παυσανίαν,
852 519 935 605 οἴνῳ
963 521 1021 584 καὶ
1048 517 1152 604 ἐλαίῳ
1178 519 1352 604 μεμαγμίνα

195 616 429 710 ἢδεδευμένα.

285 731 358 797 339.
386 732 558 798 Eustath.
576 756 605 818 p.
623 734 718 811 1881,
739 734 766 798 1.
800 725 851 799 ded
871 734 928 797 καὶ
945 727 1162 818 ψιθύρουΙ)
1176 723 1354 818 Ἀφροδίτης

169 829 281 903 snaed
309 840 542 904 Παυσανίαν
575 832 667 925 ἱερὸν
699 828 741 926 ἦν
763 831 940 926 Ἀθήνησιν
972 841 1030 904 καὶ
1050 832 1197 924 Ἔρωτος
1230 838 1266 904 dt
1295 838 1357 926 <xci

191 938 336 1032 Ἑρμοῦ).
360 935 402 1010 οὗ
426 947 482 1010 καὶ
505 945 729 1033 Λημοσθένης,
752 947 861 1032 φησὶ,
883 945 1045 1032 μέμνηται
1068 943 1105 1010 ἐν
1128 950 1179 1030 τῷ
1202 936 1288 1010 κατὰ
1305 949 1357 1010 Ne·

196 1052 298 1135 αίρας.
342 1051 494 1118 ἐκαλεῖτο
524 1052 575 1133 δέ,
603 1072 712 1135 φασι,
740 1053 924 1139 5519555ςῖ)
953 1044 1007 1118 διὰ
1034 1043 1074 1118 τὸ
1102 1041 1163 1129 τὰς
1191 1042 1359 1136 εὐχομένας

196 1149 280 1241 αὐτῇ
303 1149 389 1243 πρὸς
411 1150 451 1224 τὸ
476 1146 533 1236 οὖς
557 1158 678 1244 λέγειν,
707 1150 791 1244 ὅπερ
820 1153 940 1245 ἐδήλου
962 1157 1024 1243 μὲν
1044 1166 1165 1245 χρῆναι
1186 1151 1358 1244 μυστηριά-

197 1268 314 1344 §sedat
337 1256 379 1329 τὰ
401 1272 551 1330 τοιαῦτα.

157 1395 181 1433 ro
286 1371 359 1438 331.
382 1371 554 1437 Eustath.
572 1393 602 1457 p.
619 1373 714 1449 1631,
727 1372 758 1438 4.
782 1371 1011 1450 Παυσανίας
1031 1370 1066 1437 δὲ
1085 1372 1142 1437 καί
1159 1366 1361 1455 ψιττάςειν

196 1476 282 1561 λέγει
304 1470 344 1543 τὸ
368 1486 573 1562 ποιμενικοῦς
596 1479 807 1564 φθέγγεσθαι
817 1478 843 1563 ²)

762 1659 793 1722 Ω

285 1780 359 1847 332.
391 1780 611 1866 85515155.
634 1781 728 1858 1279,
747 1780 799 1846 34.
833 1779 945 1846 ἰστέον
965 1780 1001 1846 db
1025 1771 1078 1845 ὅτι
1101 1771 1230 1866 οἰμωγὴ
1252 1780 1314 1864 μὲν
1333 1777 1367 1844 ἐκ

196 1891 258 1950 τοῦ
285 1881 427 1968 οἰμώζω.
470 1878 553 1952 αὐτὸ
583 1886 618 1952 δὲ
647 1886 684 1952 ἐκ
710 1894 772 1952 τοῦ
800 1885 890 1971 οίμοι
916 1888 973 1952 καὶ
1000 1892 1062 1951 τοῦ
1091 1878 1262 1975 ὤζεινῑ),
1286 1875 1368 1971 ὅπερ

197 1983 266 2056 ἀπὸ
289 1999 351 2057 τοῦ
375 1984 404 2056 53
426 1994 561 2076 γίνεται.
586 1990 710 2060 τούτου
730 1994 766 2060 δὲ
789 1987 810 2080 ἦ
832 2001 945 2080 χρῆσις
967 1985 1051 2079 παρ’
1069 1988 1226 2078 Αἰσχύλῳ
1251 1990 1289 2058 ἐν
1307 1983 1370 2059 Εὗ-

158 2099 327 2182 ,ὗμενίσιν
351 2097 454 2184 (121).
496 2099 584 2185 λέγει
611 2100 647 2166 δὲ
675 2102 753 2186 περὶ
779 2107 842 2166 τοῦ
865 2095 1024 2166 τοιούτου
1052 2095 1198 2186 ῥήματος
1221 2101 1279 2165 καὶ
1302 2097 1371 2166 Αί-

199 2208 283 2282 λιος
306 2201 515 2283 Διονύσιος
543 2198 647 2272 οὕτω·
681 2201 791 2289 sigesv-
828 2198 868 2273 τὸ
892 2202 1093 2291 θαυμάζειν,
1121 2198 1168 2284 ὡς
1195 2198 1224 2270 ob*
1252 2205 1372 2291 λέγειν,

198 2301 291 2377 καθὰ
315 2313 372 2377 καὶ
395 2308 550 2396 οἰμώζειν
573 2305 613 2379 τὸ
638 2312 727 2398 οίμοι
745 2314 853 2398 λέγειν
871 2315 929 2378 καί
947 2309 1082 2396 φεύζειν
1104 2303 1143 2378 τὸ
1168 2319 1235 2396 φεῦ
1253 2311 1371 2398 λέγειν.

287 2419 360 2484 333.
402 2419 548 2486 Η51155.
575 2441 625 2504 ap.
648 2421 739 2486 Pbot.
762 2421 843 2486 Bibl.
872 2419 964 2484 5595
989 2420 1040 2484 29.
1063 2419 1160 2484 Bekis.
1194 2409 1247 2484 ὅτι
1279 2420 1371 2485 Διο-

198 2520 335 2601 νύσιός
362 2543 443 2611 φησι
469 2518 513 2612 μὴ
541 2525 650 2612 λέγειν
677 2550 755 2605 τους
783 2517 975 2604 ἅττικιστὰς
1002 2517 1265 2612 ου’νησάμηνῑ),
1292 2516 1373 2591 ἀλλ’

217 2705 224 2715 ·
242 2685 303 2740 329.
325 2686 344 2751 ¹)
364 2685 445 2740 Conv.
464 2686 539 2740 Suid.
553 2687 619 2741 Lex.
639 2687 752 2741 Bachm.
767 2687 828 2752 419,
841 2685 884 2741 24.
903 2686 970 2740 Hes.
990 2684 1254 2749 sesterces.
1272 2682 1319 2738 Et.
1333 2685 1372 2740 M.

198 2773 260 2838 818,
279 2773 322 2828 41.
342 2773 411 2829 Gud.
431 2775 493 2840 571,
512 2775 554 2830 53.
574 2774 664 2829 Schol.
684 2777 731 2829 Ar.
749 2775 821 2830 Plut.
843 2775 902 2831 138.
922 2774 991 2828 Tim.
1011 2773 1066 2829 lex.
1084 2773 1229 2828 Fletus.
1249 2767 1372 2842 ψαιστά.

198 2860 295 2916 Galen.
319 2863 373 2918 lex.
393 2862 524 2932 Hippocr.
545 2862 620 2917 XIX.
639 2880 665 2932 p.
686 2864 759 2930 156,
779 2864 870 2919 Κ555.
899 2862 971 2918 Vide
989 2861 1099 2919 Jacobs.
1119 2861 1155 2917 ed
1173 2860 1285 2916 Antbol.
1311 2860 1372 2916 Pol.

197 2949 230 3006 V.
250 2951 292 3006 17.

243 3040 303 3095 330.
323 3041 345 3104 ι)
364 3039 466 3094 Locum
485 3043 627 3096 turbatum
647 3056 707 3096 esse
726 3041 782 3096 iem
801 3040 892 3098 Meier
909 3039 1056 3106 intellexit,
1076 3038 1124 3110 qni
1143 3054 1178 3094 ex
1192 3037 1270 3093 Dent.
1291 3039 1370 3106 1358,

199 3129 228 3183 6:
248 3128 298 3182 καί
309 3120 413 3198 Ἑρμοῦ
428 3127 565 3184 excidisse
584 3130 628 3184 vel
646 3129 754 3184 librarii
773 3131 817 3185 vel
837 3128 961 3200 episcopi
975 3130 1057 3198 culpe
1071 3127 1220 3184 contendit.
1250 3125 1328 3196 Quae
1347 3127 1371 3182 si

199 3217 363 3284 inserueris,
389 3217 484 3271 stetim
506 3218 586 3273 Pauo.
606 3234 668 3273 cnm
691 3219 776 3288 Herp.
796 3218 870 3274 Suid.
890 3219 925 3272 55
949 3219 1066 3272 eundem
1089 3216 1193 3272 iontem
1215 3215 1308 3271 redire
1327 3215 1370 3270 15-

201 3306 326 3376 tellegee.
345 3335 379 3346 ·—
398 3304 439 3361 uf.
458 3307 488 3361 Β.
508 3309 541 3361 A.
561 3308 621 3372 317,
641 3309 684 3362 11.
703 3307 816 3367 Preller‚
836 3307 882 3363 Gr.
901 3305 1079 3378 Mythologie.
1098 3306 1119 3360 1.

288 3395 310 3464 ²)
329 3395 493 3465 ψιθυρίζειν
513 3396 624 3450 verbum
644 3411 687 3465 ep.
704 3397 779 3451 Suid.
794 3396 860 3451 Hes.
880 3396 946 3450 Lex.
965 3397 1078 3450 Bechm.
1097 3394 1158 3459 429,
1172 3394 1196 3449 3.
1217 3392 1308 3449 85551.
1321 3395 1369 3448 Ar.

198 3483 367 3539 11551097.

243 3575 304 3629 331.
324 3574 346 3641 1)
366 3572 405 3628 ef.
425 3574 491 3628 Hes.
511 3574 605 3642 ψίττα.
625 3578 653 3628 ct
667 3568 820 3643 ψιττάζων.
840 3573 925 3643 ψίττα
940 3565 1200 3642 ἐπιφθεγγόμενος,
1220 3558 1369 3642 inessent

203 3658 371 3731 ποιμενικὸν
391 3659 567 3734 ἐπίφθεγμα.
597 3661 745 3718 (1185551.
766 3662 881 3717 Theocr.
900 3662 947 3717 IV.
967 3663 1010 3717 38.

243 3752 304 3808 332.
325 3754 346 3819 1)
364 3752 567 3822 Etymologiam
586 3751 747 3805 dubitanter
765 3751 860 3805 attuli:
880 3750 999 3806 recurrit
1017 3765 1060 3819 ep.
1077 3748 1125 3804 sol.
1144 3748 1264 3818 Hesych.
1284 3738 1368 3815 (ἕζον-

200 3858 254 3906 τες.
282 3840 360 3896 Phot.
385 3841 454 3896 5555
477 3845 584 3895 tanturn
608 3840 735 3895 exhibet:
764 3831 860 3907 ὤζειν·
889 3834 922 3894 τὸ
946 3833 1119 3907 θαυμάζειν,
1148 3836 1183 3894 51.
1206 3836 1297 3893 85551.
1320 3835 1366 3891 Ar.

199 3930 281 4000 Vesp.
301 3929 376 3984 1526.

243 4019 304 4074 333.
324 4018 347 4086 1)
366 4017 504 4072 Schwartz
523 4034 550 4087 p.
564 4018 624 4072 163.
644 4015 703 4071 veri
715 4016 806 4071 simile
820 4021 926 4071 tentum
940 4031 1001 4071 esse
1014 4013 1164 4081 contendit,
1183 4017 1215 4070 ut
1232 4014 1279 4069 hic
1292 4013 1368 4068 locus

200 4107 235 4163 55
253 4106 314 4161 Ael.
329 4105 488 4176 Dionysium
508 4106 652 4161 referatur.
671 4137 705 4146 —
725 4105 796 4174 Quid
815 4105 982 4174 posteriores
996 4105 1142 4172 senserint,
1162 4103 1265 4173 optime
1282 4102 1368 4157 55555

199 4210 243 4264 ep.
263 4195 363 4265 Phryn.
382 4194 449 4248 Lob.
469 4212 494 4264 p.
515 4197 572 4250 137.
601 4195 641 4250 ef.
661 4195 729 4250 Poll.
748 4195 798 4248 111.
818 4195 877 4250 126.
897 4195 942 4249 Et.
962 4195 1032 4249 Gud.
1051 4195 1113 4263 636,
1132 4195 1157 4248 3.
1176 4194 1207 4247 Β.
1227 4193 1260 4247 Α.
1280 4207 1307 4262 p.
1326 4190 1368 4256 95,

199 4285 234 4340 25
257 4283 316 4350 (ubi
340 4283 375 4338 55
398 4283 510 4354 Lysiam
533 4287 713 4353 provocetur).
743 4285 831 4340 Schol.
852 4285 899 4339 Ar.
918 4283 990 4340 Plut.
1015 4285 1039 4339 7.
1062 4313 1098 4324 -
1120 4283 1162 4338 De
1189 4298 1221 4338 re
1248 4281 1311 4352 ipse
1334 4277 1368 4335 51.

199 4371 386 4428 Meisterhens
405 4389 431 4441 p.
454 4374 511 4429 145.
531 4372 691 4431 11551259.
