3000 5040
747 230 816 293 200

193 382 232 456 τό
258 390 293 456 δὲ
315 383 590 455 παοσινόσταλοι·
614 378 746 472 ὅμοιόν,
770 403 880 471 φασι,
902 394 952 474 τῷ
975 382 1206 474 ἐγρηγόρσιον,
1228 376 1248 453 ό
1270 388 1356 474 δηλοῖ

193 489 233 563 τό
256 503 381 563 ποιοῦν
404 493 616 582 ἐγρηγορέναι
639 496 695 560 καὶ
719 487 765 572 ὡς
788 492 895 575 εἰπεῖν
918 489 1095 582 νηφάλιον.

282 602 357 668 278.
388 602 561 667 Eustath.
579 625 609 687 p.
629 601 708 678 735,
726 601 778 668 57.
815 593 835 687 ἡ
859 599 896 666 δὲ
918 608 983 667 τοῦ
1005 602 1026 668 δ
1047 602 1105 666 καὶ
1127 607 1192 668 τοῦ
1213 625 1233 667 τ
1256 601 1359 688 συγγέ-

195 733 267 775 νεια
291 710 450 796 δηλοῦται
472 710 529 773 καὶ
554 699 607 774 διὰ
630 714 688 795 τῆς
709 703 852 792 χάριτος.
895 701 942 785 ὡς
967 699 1030 794 γὰρ
1057 707 1200 793 θέμιδος
1222 708 1361 794 θέμιτος,

167 808 285 882 οοότοι
313 817 370 880 καὶ
395 811 530 901 χάριτος
555 810 698 900 χάριόος.
741 811 790 879 ἔτι
818 814 936 880 δὲκαὶ
963 805 1018 880 διὰ
1040 821 1104 880 τοῦ
1126 815 1360 901 nectorem).

195 913 278 988 αότό
300 914 363 1008 γὰρ
386 924 443 987 καὶ
464 913 626 987 πελιτνόν
650 912 704 987 όιόι
728 927 790 986 τοῦ
813 944 833 985 τ
855 911 948 1007 παρὰ
973 921 1166 1006 Θουκυδίδῃ
1176 921 1203 1010 ⁹)
1227 911 1363 1009 εὕρηται,

195 1022 241 1106 ὡς
264 1029 321 1094 καὶ
343 1027 480 1105 Αἴλιος
503 1023 713 1104 Διονόσιος
736 1033 1030 1113 παρασημειοῦται.

285 1135 359 1200 279.
391 1133 566 1200 Eustath.
585 1157 615 1219 p.
638 1133 738 1210 1421,
757 1133 808 1200 63.
841 1134 1025 1221 πηνίονῑ)
1049 1132 1088 1200 δέ
1108 1131 1201 1199 ἐστιν
1225 1127 1246 1200 ὁ
1268 1136 1364 1220 picco,

196 1240 232 1324 ἐξ
258 1231 301 1308 οὗ
324 1243 382 1307 καὶ
407 1235 764 1327 χροσεοπήνιτονῦ
793 1232 929 1324 όμφιον.
970 1241 1029 1306 καὶ
1056 1238 1258 1328 ἐκπηνίζοο
1284 1237 1364 1328 ῥῆμα

969 1340 986 1363 (l

156 1372 182 1412 ιο
195 1341 287 1434 παρὰ
309 1354 360 1435 τῷ
382 1353 529 1432 κωμικῷ.
563 1349 620 1412 καὶ
644 1344 941 1434 ἐκπηνιεῖταιθ),
964 1371 983 1413 ο
1010 1344 1080 1413 ἐστι
1101 1342 1293 1433 μηρόσεται,
1314 1348 1365 1412 καὶ

195 1447 281 1521 κατὰ
308 1456 538 1520 Παυσανίαν
567 1448 725 1539 ἐξειλήσει
754 1452 800 1531 εἰς
827 1454 960 1541 πηνίον.
1006 1454 1063 1520 καὶ
1097 1448 1167 1520 ἔστι
1194 1447 1283 1520 κατὰ
1309 1445 1365 1541 τὴν

196 1561 416 1646 ἐτομολογὶαν
447 1556 572 1647 ταύτην
603 1551 644 1626 τό
676 1555 859 1646 Πηνελόπη
894 1565 1009 1646 κλῆσις
1039 1557 1208 1647 ἱστουργῷ
1238 1561 1366 1646 γυναικὶ

195 1667 380 1753 πρέπουσα.
404 1658 444 1733 τό
467 1667 583 1751 μέντοι
607 1666 950 1754 6ιαπηνικ1ζειν4),
973 1657 993 1732 ό
1014 1665 1085 1733 ἐστι
1107 1667 1366 1750 όιακεφαλαιοῦν

196 1775 253 1839 καὶ
285 1766 433 1855 ἀπατᾶν,
466 1765 529 1839 οὐκ
561 1772 724 1840 ἐντεῦθέν
754 1778 868 1839 ποθεν
894 1777 1079 1860 παρῆκται,
1111 1764 1189 1840 ἀλλ’
1217 1765 1287 1841 όπό
1312 1780 1366 1859 τῆς

157 1907 182 1948 ιι
196 1876 385 1969 πηνήκης,
417 1871 437 1967 ἢ
464 1875 724 1966 περικεφάλειον
753 1880 850 1967 δηλοῖ
874 1881 1059 1965 asplenon
1092 1878 1130 1946 ἐκ
1157 1887 1299 1967 τριχῶν,
1329 1871 1366 1946 οό

195 1982 304 2072 μόνον
325 1988 486 2071 γυναιξὶν,
510 1978 594 2052 ἀλλὰ
618 1988 675 2052 καὶ
693 1985 979 2071 γοναικιζομένοις
996 1979 1138 2073 ἀνδράσι
1156 1979 1316 2075 χρηστὴν,
1337 1985 1368 2053 οἳ

197 2099 323 2179 τριχῶν
346 2091 538 2176 ἐψίλωνται.

287 2200 360 2266 280.
393 2199 611 2285 Eustathp.
630 2199 705 2278 905,
724 2199 775 2265 55.
807 2199 1048 2286 „xoptxoapyea
1072 2193 1198 2286 όχανπ’
1207 2200 1234 2288 ¹)
1258 2190 1279 2266 ὅ
1303 2197 1367 2266 ἐστι

241 2487 303 2542 278.
324 2486 344 2556 ¹)
364 2487 446 2542 Conv.
465 2485 544 2540 Phot.
563 2485 638 2540 Suid.
655 2485 730 2552 Hes„
750 2483 785 2542 01.
801 2486 888 2541 Moer.
903 2501 930 2554 p.
946 2486 1007 2552 208,
1022 2484 1048 2541 8.
1066 2483 1368 2555 Εοο1ο111.ρ.869,65.

198 2577 231 2632 Β.
250 2580 283 2632 A.
302 2577 368 2643 203,
389 2576 430 2631 14.
454 2576 522 2631 Lex.
542 2575 655 2630 Bachm.
675 2576 741 2643 335,
759 2575 802 2630 28.
822 2575 867 2630 Et.
887 2575 958 2630 Gnd.
977 2575 1044 2644 460,
1062 2575 1088 2630 2.
1107 2575 1174 2643 461,
1192 2575 1218 2630 9.
1236 2574 1306 2629 Ρο11.
1323 2573 1368 2630 IV.

199 2667 259 2721 141.
287 2666 330 2721 De
353 2664 493 2721 scribendi
515 2663 623 2719 ratione
645 2663 703 2718 iam
725 2663 915 2719 Herodianum
938 2663 1127 2733 disputantem
1149 2661 1238 2718 habea
1255 2663 1292 2718 11.
1310 2662 1369 2728 568,

199 2756 240 2812 15.
260 2755 356 2810 Lenta.

289 2845 310 2911 ⁹)
328 2842 368 2898 01.
388 2842 465 2897 Stud.
484 2841 560 2910 Lips.
578 2841 626 2896 IV.
647 2842 706 2897 103.
728 2872 763 2880 -
785 2841 935 2911 Repetitur
957 2841 1056 2896 vocula
1078 2855 1123 2911 ap.
1147 2839 1209 2896 Dio.
1233 2840 1395 2915 chrysost*

198 2934 233 2988 II.
252 2950 279 3002 p.
298 2933 360 3000 202,
379 2932 422 2985 27.
441 2929 506 2984 1)(11.

244 3024 305 3077 279.
325 3022 347 3089 ²)
366 3019 461 3075 Verba
483 3018 575 3073 omnia
598 3035 615 3074 a
638 3019 739 3087 πηνίον
757 3030 825 3075 voce
843 3017 971 3075 derivata
989 3033 1024 3074 ex
1042 3017 1184 3074 atticistae
1203 3017 1307 3074 scrinio
1323 3032 1369 3088 pe·

199 3111 252 3165 tite
271 3126 331 3165 osse
351 3110 432 3164 docet
450 3107 527 3162 locus
545 3108 670 3177 geminus
689 3125 716 3177 p.
737 3109 814 3173 1328,
829 3107 873 3177 48,
893 3107 938 3162 001
957 3106 991 3163 ir.
1005 3108 1077 3162 rhet.
1093 3107 1146 3163 405
1164 3108 1305 3163 adnexum
1323 3111 1370 3163 eat.

201 3198 242 3254 01.
255 3199 326 3253 Prol.
342 3215 369 3266 p.
383 3197 426 3251 17.
445 3226 481 3235 -
498 3196 600 3264 πηνίον
618 3196 692 3251 redit
710 3212 755 3266 ap.
774 3195 853 3251 Phot.
871 3195 946 3252 Suid.
959 3196 1026 3252 Hea.
1039 3196 1107 3252 Lex.
1121 3197 1236 3252 Bachm.
1249 3196 1312 3264 342,
1329 3195 1371 3251 25.

290 3288 309 3352 ²)
329 3284 369 3341 01.
388 3286 453 3339 Hea

289 3375 310 3444 1)
330 3373 369 3429 01.
389 3372 550 3428 Ηο0.801ι1.
570 3373 660 3428 Schol.
678 3375 727 3428 Ar.
746 3374 816 3430 Ren.
836 3375 896 3429 578.

287 3464 310 3534 ⁴)
330 3463 499 3517 Dubitanter
523 3462 558 3516 ad
587 3461 725 3518 atticistas
753 3462 858 3517 rettuli.
896 3463 1027 3518 Recurrit
1049 3477 1102 3517 vox
1124 3461 1288 3531 plerumque
1312 3477 1373 3518 cnm

199 3553 304 3623 πηνίκη
323 3568 436 3620 conexa,
456 3551 489 3607 01.
510 3551 585 3606 Suid.
601 3552 667 3605 Hes.
682 3552 727 3605 Et.
743 3553 780 3606 M.
795 3553 855 3618 269,
870 3552 914 3607 35.
933 3551 967 3607 01.
984 3551 1102 3627 70018.
1121 3551 1192 3605 Μ111.
1207 3551 1274 3606 Mel.
1288 3567 1316 3621 p.
1330 3550 1372 3606 87.

200 3643 264 3698 Sola
283 3647 361 3697 extat
379 3657 431 3696 vox
450 3637 561 3710 πηνήκη
581 3656 626 3710 ap.
645 3641 725 3695 Phot.
745 3641 819 3697 Suid.
840 3642 907 3696 Lex.
926 3642 1039 3696 Bechm.
1058 3624 1119 3706 642,
1138 3639 1182 3694 20.
1201 3639 1293 3695 Schol.
1306 3640 1372 3694 Luc.

200 3732 252 3786 vol.
265 3733 311 3788 IV.
327 3750 353 3801 p.
364 3731 425 3786 245.
440 3732 458 3786 1
460 3731 574 3786 aeobitz.
595 3730 751 3799 πηνικίζειν
766 3747 809 3800 ap.
821 3731 940 3786 Gramm.
955 3746 1005 3784 ms.
1021 3729 1096 3799 apud
1108 3729 1259 3783 Hermann.
1272 3728 1372 3798 Opnac.

199 3821 249 3874 111.
269 3821 312 3874 40.
332 3816 359 3874 οἱ
377 3815 563 3891 παλαιότεροι
578 3821 701 3888 κωμικοὶ
715 3814 843 3888 πηνήκην
857 3820 905 3874 καὶ
918 3818 1074 3888 πηνικίζειν
1089 3810 1197 3888 ἔλεγον.
1216 3816 1372 3889 Κρατῖνος·

201 3905 343 3979 πονηροὺς
361 3904 497 3985 ἐξαπατᾷ,
517 3906 632 3979 λέγεται
651 3905 682 3963 δὲ
700 3902 717 3976 ἦ
737 3909 840 3978 πηνίκη
861 3902 877 3977 ἦ
897 3905 1032 3971 &aleator
1049 3902 1133 3976 κόμη.
1158 3905 1200 3962 01.
1212 3906 1288 3962 Suid.
1308 3901 1373 3974 ἔπη·

200 3996 311 4064 νὶκιζεν.
331 4029 366 4037 -
385 3999 575 4067 διαπηνικίσαι
594 3997 662 4052 item
682 3997 788 4052 Cratini
806 3997 872 4064 fuit,
892 3997 926 4052 cf.
946 3997 980 4052 fr.
994 3998 1056 4052 282.
1074 3996 1168 4064 Koch,
1190 4011 1247 4050 non
1265 3998 1373 4050 mutan·

203 4088 267 4141 dum
287 4103 348 4141 cum
367 4088 416 4142 illo
434 4086 464 4141 in
483 4088 653 4156 cracoviam.
669 4118 704 4126 -
722 4086 805 4143 Vocis
824 4087 927 4156 πηνὶκη
947 4085 1164 4156 explicationem
1181 4085 1238 4141 iam
1258 4082 1373 4140 vetusti·

202 4174 257 4231 oris
276 4175 392 4246 originis
412 4191 472 4230 ease
492 4175 776 4231 (10001Ρο01130.
796 4176 830 4230 X.
850 4177 910 4232 170.

246 4263 307 4320 280.
327 4265 350 4334 ²)
368 4265 553 4319 Anacreontis
576 4265 673 4334 verba,
697 4265 732 4321 cf.
752 4265 830 4321 Enet.
849 4282 876 4334 p.
896 4266 960 4328 707,
980 4266 1022 4322 57.
1033 4281 1074 4334 sq.
1097 4264 1200 4334 Bergk.
1223 4264 1288 4334 Lyr.
1311 4262 1372 4318 111⁴.

202 4369 230 4422 p.
249 4353 310 4408 279.
330 4353 388 4422 (qui
406 4353 477 4409 falso
496 4356 532 4408 ad
550 4354 671 4410 codicem
688 4355 734 4410 Et.
754 4355 792 4409 M.
811 4354 1002 4410 Florentinum
1020 4355 1169 4425 provocat).
