2986 5062
816 219 883 284 254

264 389 374 467 ξικῷ,
406 381 463 445 καὶ
494 375 721 458 πολύπουν,
746 373 858 458 Ἴωνες
890 379 927 445 δὲ
957 381 1016 444 καὶ
1042 379 1180 464 Δωριεῖς
1210 380 1270 444 καὶ
1295 378 1434 457 Αἰολεῖς

263 485 470 556 πώλυπον·
511 477 565 553 ὅτι
592 487 629 552 δε
655 489 712 552 καὶ
739 489 918 575 πώλυψῦ
943 478 1036 573 παρὰ
1058 499 1129 564 τοῖς
1150 483 1333 568 τοιοίτοις,
1357 485 1435 574 ἐδη-

264 592 362 682 λώθη
385 596 442 659 καὶ
465 585 619 678 α’λλαχοῦ.

352 702 427 767 424.
459 701 631 768 Eustoth.
650 724 680 785 p.
702 701 801 779 1688,
819 701 871 766 31.
908 691 1042 787 εὕρηται
1071 701 1108 767 δὲ
1134 701 1193 767 καὶ
1218 697 1434 789 Πρόκνιςῑ)

238 802 320 876 oded
347 817 410 875 τοῦ
435 818 456 875 ν
483 807 525 874 ἐν
552 804 750 895 ῥητορικῷ
779 812 922 893 λεξικῷ
949 799 1104 893 θηλυκὸν
1127 800 1244 892 ὄνομα
1286 800 1373 874 αὐτὸ
1397 809 1435 874 δὲ

263 918 360 1003 γένος
384 912 531 1000 ἰσχάδων
555 916 657 1002 δηλοῖ.

353 1025 428 1089 425.
463 1023 636 1090 Eustoth.
654 1045 684 1107 p.
706 1023 805 1099 1807,
825 1025 875 1088 11.
910 1017 1244 1109 προςτρόπαιόςῑ)
1266 1045 1304 1088 τε
1327 1015 1393 1108 γὰρ
1417 1018 1436 1088 ὁ

266 1125 349 1209 Ζεὺς
372 1130 413 1196 ἐν
436 1127 634 1219 ῥητορικῷ
656 1135 814 1214 λεξικῷ,
838 1130 867 1214 ῷ
891 1123 934 1195 ἄν
955 1132 1021 1210 τίς,
1048 1146 1160 1212 φασι,
1181 1130 1437 1217 προστρέποιτο

267 1236 435 1324 δεόμενος.
475 1239 533 1303 καὶ
559 1232 823 1322 προστρόπαιος·
857 1231 1026 1324 ὁὶκίτης,
1053 1229 1072 1302 ὁ
1095 1232 1182 1322 πρός
1207 1259 1286 1303 τινα
1310 1229 1439 1324 δηλαδὴ

228 1371 253 1409 ιο
268 1346 428 1432 δεητικώς
450 1340 663 1429 τρεπόμενος.

835 1563 870 1623 P.

356 1719 431 1783 426.
467 1718 643 1784 Eustath.
665 1741 695 1801 p.
721 1718 819 1793 1792,
843 1718 894 1783 22.
928 1720 1110 1805 σημείωσαι
1137 1710 1172 1782 δ’
1195 1715 1233 1782 ἐν
1259 1730 1332 1796 τοῖς
1358 1720 1438 1803 περὶ

268 1834 331 1892 τοῦ
353 1820 468 1891 indeo>
491 1822 622 1912 ῥηθεῖσι
644 1827 702 1890 καὶ
723 1815 777 1891 δτι
798 1816 839 1890 τδ
859 1816 942 1890 αὐτὸ
961 1827 1019 1891 καὶ
1036 1820 1149 1910 ῥάζειν
1167 1825 1225 1890 καὶ
1242 1821 1369 1912 ῥοίζειν
1387 1824 1439 1889 λε’-

268 1957 369 2018 χεται.
407 1931 543 2017 φέρεται
566 1924 628 2017 γὰρ
652 1930 693 1998 ἐν
714 1929 912 2019 ῥητορικῷ
934 1936 1091 2017 λεξικῷ,
1114 1921 1168 1998 δτι
1190 1928 1363 2018 ῥάςεινῑ)
1383 1934 1440 1996 καὶ

269 2037 420 2126 ῥοίζειν
448 2041 481 2124 (1
501 2035 625 2125 ῥύζειν)
648 2042 773 2126 κυρίως
799 2039 861 2124 μὲν
883 2031 924 2104 τὸ
947 2033 1113 2104 ὑλακτεῖν.
1140 2035 1379 2126 μετενήνεκται
1403 2039 1439 2105 δε

230 2173 256 2211 15
270 2149 326 2212 καὶ
350 2146 406 2213 ἐπὶ
427 2139 507 2224 τοὺς
528 2147 810 2232 πικραινομίνους
832 2149 889 2212 καὶ
912 2150 1203 2231 σκαιολοχοῦντας.

357 2256 433 2322 427.
464 2255 636 2320 Eustath.
655 2277 684 2338 p.
706 2254 806 2332 1540,
824 2255 876 2319 27.
908 2245 968 2331 τὰς
996 2253 1033 2319 δὲ
1060 2243 1164 2330 ἇκτδς
1185 2253 1243 2318 καὶ
1266 2249 1440 2338 ῥαχίαςῑ)

270 2360 303 2427 οἳ
329 2353 471 2427 Ἀττικοὶ
502 2365 652 2441 καλοῦσι,
683 2364 740 2426 καὶ
771 2353 834 2427 τὸν
864 2357 976 2427 τόπον
1004 2360 1055 2442 δὲ,
1087 2348 1116 2445 ηδ
1143 2355 1371 2446 προσαράττει
1398 2352 1441 2426 τδ

270 2477 373 2556 κῦμα,
396 2465 513 2554 ῥαχίαν
536 2474 712 2549 καλοῦσιν,
741 2463 787 2545 ὡς
810 2468 852 2534 ἐν
874 2464 1077 2555 ῥητορικῷ
1100 2457 1263 2554 εὕρηται
1284 2471 1440 2554 λεξικῷ.

271 2579 328 2641 καὶ
359 2573 471 2662 ῥάχοι
500 2575 536 2641 δὲ
563 2578 620 2640 καὶ
647 2572 769 2661 ῥαχίαι·
811 2577 1061 2661 παρατείνουσα
1091 2575 1151 2640 καὶ
1181 2586 1318 2660 τραχεῖα
1343 2567 1442 2662 ἤιών.

231 2709 259 2747 ω
272 2674 429 2771 εὕρηνται
453 2684 489 2748 δὲ
511 2685 568 2748 καὶ
591 2679 738 2769 ῥάχοιῖ)
758 2684 813 2748 καὶ
833 2675 1047 2760 ἀκανθώδεις
1064 2683 1121 2748 καὶ
1142 2695 1291 2767 τραχεῖαι
1311 2678 1442 2768 ῥάβδοι.

362 2935 384 3003 ²)
402 2935 476 2990 Num
493 2933 699 3004 lexicographis
717 2934 911 2990 tribuendum?
934 2933 975 2990 cf.
994 2934 1097 2990 Herod.
1117 2934 1161 2990 ed.
1174 2935 1271 2991 Lentr.
1289 2935 1326 2990 Π.
1340 2935 1404 3002 748,
1417 2937 1443 2990 3.

273 3025 401 3079 Eustoth.
420 3024 456 3078 ad
474 3023 555 3094 Diog.
572 3023 681 3092 Perieg.
699 3040 727 3093 p.
745 3024 816 3089 492,
835 3023 871 3079 cf.
889 3040 916 3093 p.
936 3024 998 3092 768,
1016 3025 1059 3079 48.

318 3114 379 3168 424.
399 3114 421 3179 ¹)
439 3113 521 3168 conv.
540 3114 618 3168 Phot.
638 3114 704 3168 Hes.
724 3145 760 3152 -
781 3114 899 3168 Fontem
926 3112 1118 3183 lexicographi
1138 3113 1228 3168 nostri
1248 3128 1385 3183 agnosces
1409 3129 1444 3170 ex

274 3204 376 3257 Athen.
396 3202 470 3258 XIV.
489 3203 578 3258 653Β.
602 3195 666 3257 οἶδα
688 3201 719 3257 δὲ
743 3205 792 3257 καί
816 3197 1001 3272 Πάμφιλον
1024 3197 1161 3274 εἰρηκότα
1183 3202 1339 3274 κροκνίδας
1359 3199 1446 3274 γένος

275 3285 407 3360 ἰσχάδων,
425 3293 499 3345 unde
517 3291 595 3359 Poll.,
614 3291 660 3360 qni
678 3293 725 3346 VI.
744 3293 788 3348 81.
806 3288 960 3363 κρόκριδες
978 3290 1105 3359 exhibet,
1123 3291 1304 3362 corrigendus
1321 3296 1374 3348 eet.
1402 3293 1446 3348 01.

274 3380 347 3435 Prol.
365 3397 392 3449 p.
412 3381 454 3434 67.

320 3470 380 3525 425.
402 3471 422 3537 ¹)
441 3469 482 3525 ef.
501 3471 579 3525 Phot.
599 3470 673 3526 Suid.
693 3471 758 3526 Hes.
778 3473 844 3525 Lex.
864 3473 978 3527 Baohm.
997 3489 1023 3541 p.
1043 3470 1110 3536 356,
1122 3471 1165 3526 30.
1184 3469 1275 3527 Sohol
1294 3469 1378 3541 Soph.
1397 3471 1445 3526 Δί.

277 3560 354 3614 1173.

320 3650 381 3704 426.
403 3651 422 3716 ¹)
439 3649 554 3704 Prorsus
572 3649 721 3705 concinunt
733 3650 813 3704 Phot.
828 3651 913 3713 said..
932 3651 981 3720 qui
996 3646 1116 3720 χρήσεις
1126 3650 1327 3720 Hermippum
1343 3648 1389 3718 (fr.
1401 3650 1446 3706 24

276 3738 366 3809 Kook)
379 3744 408 3793 et
421 3738 578 3794 Grotinenm
590 3739 633 3805 (fr.
647 3741 691 3794 20.
704 3739 793 3801 Kocki
812 3740 939 3795 offerunt.
967 3740 1048 3796 Unde
1062 3735 1158 3811 ῥδζειν
1175 3739 1371 3809 corrigendum
1382 3753 1447 3795 esee

277 3827 381 3896 putavi,
402 3828 436 3883 cf.
456 3829 521 3884 Hes.
541 3846 562 3884 s.
581 3846 607 3883 v.
627 3823 732 3899 ῥάζειν,
752 3824 854 3900 ῥύζειν.

320 3918 381 3972 427.
410 3919 539 3973 Fortasse
557 3918 651 3973 Aelii
669 3917 828 3988 Dionysii
847 3918 910 3987 fuit,
929 3918 964 3974 of.
983 3919 1017 3973 fr.
1037 3921 1081 3975 48.

364 4007 387 4073 ¹)
405 4008 512 4062 Eadem
529 4009 607 4062 Phot.
626 4007 716 4075 said,
740 4007 787 4076 qui
810 4009 861 4063 sub
885 4008 968 4063 finem
991 4009 1104 4064 addunt.
1137 4009 1187 4063 καί
1208 4007 1383 4077 θουκοδίδης
1399 3995 1448 4064 on‘a'·

277 4114 339 4159 τως.
372 4092 399 4150 οἳ
422 4095 452 4150 δὲ
469 4090 562 4161 Ἰωνες
584 4092 636 4166 τὴν
658 4090 789 4165 ἄμπωτιν
812 4099 862 4152 καὶ
884 4094 936 4165 τὴν
953 4093 1134 4169 ἀναχώρησιν
1151 4100 1202 4166 τῆς
1219 4092 1373 4167 θαλάττης
1404 4096 1448 4153 01.

277 4184 312 4239 ir.
331 4186 374 4240 48.
405 4186 484 4240 Unde
507 4186 651 4241 atticistne
674 4187 802 4242 doctrine
825 4188 862 4242 od
884 4188 974 4243 Schol.
993 4187 1080 4242 Thne.
1099 4188 1147 4242 IV.
1165 4188 1209 4243 10.
1226 4187 1448 4257 ωισσοὶςτιτίῑ

278 4304 312 4313 -
331 4274 438 4330 Similia
455 4276 500 4329 Et.
519 4277 557 4329 M.
577 4276 637 4341 702,
655 4276 699 4330 43.
718 4277 785 4331 Hes.
803 4292 825 4330 s.
844 4293 869 4331 v.
888 4273 981 4347 ῥαχία.

368 4365 489 4432 ²)Oonv.
508 4365 587 4419 Phot.
606 4365 681 4420 snid.
700 4364 735 4420 ef.
754 4366 822 4421 Hes.
841 4366 886 4421 Et.
905 4366 944 4421 M.
965 4367 1028 4430 703,
1049 4367 1076 4420 1.
1099 4367 1167 4422 Lex.
1185 4367 1301 4423 Beelm
1316 4366 1384 4433 358,
1402 4366 1449 4423 ll.
