3000 5040
652 220 716 286 247

92 375 243 470 κοτύλης
264 377 308 449 ἔν
329 404 411 451 τινι
432 388 513 450 τῶν
535 386 731 449 παλαιῶν·
760 378 964 470 κοτύληῑ)·Ι
991 381 1126 470 μέτρον,
1147 375 1266 451 καὶτὸ

95 492 219 557 κοῖλον
240 496 299 578 τῆς
313 481 434 577 χειρὸς.
466 483 487 577 ἧ
509 489 571 575 μὲν
590 481 630 576 δὴ
648 485 786 578 κοτύλη,
808 491 911 578 φησὶν
920 491 947 575 ²)
961 481 1165 577 Ἑλληνικὸν,
1186 483 1207 579 ἡ
1231 490 1267 558 δὲ

94 590 201 686 ἡμένα
223 589 383 683 οὐδαμοῦ.
422 594 492 666 ἔστι
515 590 549 665 δ’
568 585 632 666 οὖν
654 599 712 664 καὶ
733 590 818 684 παρ’
841 590 1025 685 Ἐπιχάρμῳ
1034 600 1062 685 ³)
1085 591 1225 683 (Ἐλπίδι
1246 590 1267 687 ἢ

96 700 244 792 Πλούτῳ
266 705 305 771 fr.
327 707 373 793 6),
397 695 434 784 ὃς
456 706 514 772 καὶ
537 697 710 793 ύγγέανέ)
734 705 821 791 λέγει
843 707 900 773 καὶ
922 707 1099 794 λέτρανδ)
1122 706 1268 795 (torena,

97 811 211 899 Epith.
228 835 258 899 p.
277 813 366 899 229).
923 871 926 876 ,
1293 829 1307 870 5

187 919 263 987 405.
297 921 470 989 Euatath.
488 943 518 1007 p.
540 920 639 1000 1328,
664 921 716 986 52.
752 922 877 1009 πηνίον
886 922 912 1008 ¹)
939 912 1068 1008 γὰρτὸ
1097 919 1144 1000 εἰς
1169 923 1268 1006 μίτον

95 1023 273 1117 χρήσιμον,
305 1018 344 1108 ὃς
375 1019 415 1117 δὴ
445 1029 540 1114 μέτος
566 1019 587 1116 ἢ
615 1021 634 1094 ὁ
663 1018 765 1106 αὐτὸς
792 1036 841 1114 τῷ
869 1030 980 1118 πηνίῳ
1009 1024 1160 1097 ἐνταῦθά
1188 1027 1268 1111 ἐστι,

98 1128 340 1224 διασαφητικὸς
363 1127 413 1202 ὢν
435 1143 498 1202 τοῦ
515 1137 651 1224 πηνίον,
672 1128 694 1223 ἢ
713 1127 967 1223 ἄντιδιαιρεῑται
985 1145 1034 1223 τῷ
1054 1131 1193 1224 στήμονι
1211 1139 1269 1204 καὶ

96 1249 142 1328 τῇ
164 1239 333 1331 κρόκηλ),
356 1233 474 1332 ἦνκαὶ
496 1239 672 1332 ῥοδάνην
694 1245 808 1327 φασὶν,
831 1236 878 1322 ὡς
896 1242 933 1310 έν
956 1241 1154 1332 ῥητορικηῖ
1173 1235 1268 1333 εύρη-

97 1372 157 1418 ται
183 1355 334 1438 λεξικηῦ.
367 1350 413 1418 ib.
432 1374 461 1436 p.
483 1351 582 1430 1527,
601 1351 653 1418 60.
685 1349 714 1416 εἰ
743 1349 779 1416 δὲ
807 1349 846 1417 έκ
872 1358 935 1416 τοῦ
962 1346 1066 1437 ῥόδου
1089 1352 1146 1417 καὶ
1167 1343 1188 1439 ἦ
1212 1347 1308 1438 <to-1⁰

99 1453 186 1546 δάνη
216 1459 357 1544 γίνεται,
388 1451 452 1524 ούκ
484 1457 575 1524 ἐστιν
608 1457 715 1524 εἰπεῖν
748 1465 930 1543 σταθεριῦς.
971 1446 1010 1546 ἧς
1040 1451 1060 1546 ἦ
1090 1465 1204 1547 χρῆσις
1231 1457 1268 1525 ἐν

97 1564 255 1648 λέξεσιν
278 1557 413 1654 εἴρηται
435 1563 665 1655 ῥητορικοῖς
688 1555 793 1632 οὕτω·
836 1561 986 1652 κρόκην
1014 1565 1166 1648 λεκτέον,
1195 1557 1269 1651 ούχὶ

97 1667 258 1760 ῥοδάνην,
281 1671 318 1755 ἐξ
339 1661 381 1741 οὖ
403 1675 461 1741 καὶ
482 1665 523 1740 τὸ
546 1669 772 1760 ῥοδανέζειν
795 1668 994 1758 κοινότερον
1003 1673 1040 1761 ⁸).

667 1963 703 2024 Λ.

189 2136 264 2206 406.
291 2136 465 2206 Euatatla
480 2159 511 2224 p.
527 2137 622 2216 1921,
640 2137 693 2204 56.
720 2137 882 2226 λαῦραι)
901 2137 938 2204 δὲ
957 2128 1057 2225 στενὴ
1077 2128 1166 2218 ὁδὸς,
1184 2129 1269 2223 ἄμφ-

99 2247 191 2328 ούος,
215 2238 262 2312 δι’
279 2233 318 2334 ἧς
336 2246 414 2312 λαοὶ
432 2241 578 2331 ῥέουσιν,
596 2239 671 2332 ἤτοι
689 2245 859 2332 φέρονται.
884 2236 980 2327 ὅθεν,
1001 2246 1095 2328 φασὶ,
1112 2245 1169 2311 καὶ
1188 2239 1269 2311 διύ-
1284 2264 1310 2306 rr

99 2354 281 2441 λαυρος’)
306 2346 325 2420 ὃ
350 2351 387 2419 ἐν
408 2360 459 2438 τῷ
477 2352 586 2440 πέραν
608 2361 667 2441 τῆς
690 2345 846 2438 ἀμφόδου
866 2351 972 2419 οἰκῶν
995 2354 1052 2418 καὶ
1075 2347 1152 2419 οἷον
1176 2343 1268 2418 civri-

98 2465 217 2548 θνρος.
242 2459 280 2528 έν
299 2460 336 2527 δέ
353 2457 582 2548 ῥητορικοῖς
601 2465 773 2543 λεξικοῑς
790 2459 928 2547 φέρεται
946 2461 1003 2526 καὶ
1022 2450 1075 2526 ὅτι
1093 2458 1269 2546 tatem)-

99 2558 260 2656 ἧοῖμάρα.
288 2569 346 2634 καὶ
364 2558 418 2635 ὅτι
440 2572 596 2653 λαῦραι·
625 2563 735 2654 ῥύμαι,
758 2574 879 2653 κῶμαι,
902 2568 1072 2634 στενωποὶ
1090 2558 1267 2652 ὑπόνομοι.

192 2856 211 2922 ¹)
232 2853 273 2910 01.
291 2854 420 2910 Eustath.
438 2871 465 2925 p.
486 2854 547 2920 550,
559 2856 586 2910 2.
606 2854 668 2922 716,
683 2855 727 2910 36.
746 2855 825 2917 1782,
840 2853 883 2910 55.
902 2853 967 2909 Hes.
985 2852 1062 2908 Suid.
1075 2852 1143 2908 Lex.
1155 2852 1270 2907 Baalim.

100 2945 163 3008 282,
184 2945 226 3001 19.
245 2944 336 3000 Schol.
354 2946 403 3000 Ar.
422 2944 494 3000 Plut.
513 2945 574 3000 436.
593 2943 638 3000 Et.
658 2944 697 3000 M.
716 2944 777 3012 533,
797 2945 821 3000 6.
841 2942 886 2999 Et.
906 2942 976 2999 (iud.
994 2943 1057 3006 341,
1076 2941 1120 2998 15.

192 3033 213 3101 ¹)
232 3033 405 3089 contradicit
419 3033 543 3089 atticista
560 3035 714 3104 Pamphilo,
730 3032 765 3089 cf.
778 3034 880 3089 Athen.
895 3032 943 3088 XI.
956 3049 983 3103 p.
997 3033 1089 3088 4794.
1102 3030 1174 3088 Prol.
1187 3047 1215 3102 p.
1227 3031 1269 3087 66.

191 3121 482 3191 poeaAQa

190 3214 212 3279 ⁴)
231 3210 271 3266 cf.
290 3213 369 3268 Phot.
388 3213 419 3268 Β.
438 3215 472 3269 A.
493 3214 553 3276 110,
572 3213 615 3268 22.
853 3257 855 3261 ,

191 3301 213 3370 ⁵)
232 3302 322 3358 Multo
340 3303 423 3372 plura
446 3318 491 3372 ap.
509 3303 587 3358 Phot.
607 3303 638 3358 B.
657 3304 691 3358 A.
712 3303 777 3367 105,
796 3303 839 3359 32.
858 3301 924 3358 Has.
944 3299 979 3357 cf.
998 3300 1069 3358 Nab.
1088 3301 1125 3359 ad
1143 3302 1161 3358 1.
1179 3301 1198 3357 1.
1217 3301 1271 3358 Lo·

101 3408 176 3448 rana.
199 3391 359 3462 Epicharin.
384 3409 410 3462 p.
435 3392 496 3448 155.
516 3423 549 3432 —
572 3391 655 3448 Aliae
679 3408 760 3448 voces
784 3408 819 3448 ex
841 3391 1009 3462 Epicharmo
1038 3391 1180 3448 derivatae
1208 3397 1272 3447 runt

101 3475 268 3550 ἧμιλλτριον,
287 3477 464 3552 ἡμιούμκιον,
485 3480 520 3536 af.
539 3483 570 3536 Β.
589 3483 623 3536 A.
643 3483 686 3550 98,
703 3483 747 3538 32.

147 3570 208 3626 405.
228 3571 248 3638 ¹)
263 3570 464 3626 Praeradantia
479 3570 647 3626 conveniunt
656 3588 717 3626 cum
728 3570 761 3627 fr.
771 3572 833 3642 279,
847 3572 920 3628 unde
932 3573 1024 3627 locum
1033 3569 1177 3627 laudatum
1186 3569 1271 3625 Pau·

102 3658 221 3716 aaniaa
240 3659 337 3714 deberi
355 3666 479 3730 apparet,
500 3658 534 3714 cf.
554 3661 624 3716 Prol.
645 3678 672 3730 p.
692 3661 735 3715 17.

193 3748 214 3814 λ)
232 3742 324 3820 κρόκη
343 3765 396 3804 vox
419 3749 559 3820 explicata
577 3749 663 3805 fuisse
682 3749 791 3805 videtur
815 3749 864 3821 [ci.
883 3751 961 3805 Phot.
984 3749 1050 3804 Hes.
1070 3748 1138 3804 Lex.
1156 3747 1270 3804 Bachm.

102 3837 169 3904 283,
187 3837 230 3894 24.
249 3839 294 3894 Et.
313 3839 352 3895 M.
371 3840 437 3906 539,
456 3840 498 3895 45.
518 3840 563 3895 Et.
583 3840 652 3896 (iud.
671 3840 739 3908 348,
757 3841 816 3911 27],
834 3855 889 3895 non
907 3832 1025 3911 ῥοδάνη,
1047 3853 1117 3908 quaa
1135 3853 1271 3910 nusquam

102 3926 228 3984 recurrit.

193 4016 215 4086 ⁸)
234 4016 274 4074 ef.
293 4017 384 4074 Schol.
403 4019 482 4074 Hom.
502 4020 530 4072 Σ
546 4019 607 4075 575.

148 4106 210 4164 406.
229 4108 250 4175 ¹)
268 4107 308 4163 01.
328 4125 356 4178 p.
376 4108 454 4175 1066,
474 4109 500 4177 1,
520 4107 554 4164 cf.
574 4109 640 4165 Hes.
660 4125 680 4164 s.
700 4125 725 4164 v.
745 4101 833 4179 λαύρη
851 4107 897 4162 Et.
916 4107 954 4163 M.
974 4106 1097 4174 61513.

195 4196 216 4265 ²)
233 4196 377 4267 Nusquam
395 4197 521 4253 recurrit.
540 4198 606 4254 Has.
626 4198 710 4270 plane
728 4198 845 4253 diversa.

192 4285 215 4358 ⁸)
234 4285 274 4344 cf.
293 4288 372 4344 Phot.
391 4288 459 4345 Lex.
479 4289 591 4344 Bachm.
611 4290 673 4358 288,
693 4289 734 4345 18.
753 4288 799 4345 Et.
818 4287 857 4344 M.
875 4286 937 4350 557,
955 4286 998 4345 44.
1017 4286 1083 4344 Has.
1098 4303 1120 4344 a.
1132 4302 1157 4343 v.
1170 4287 1270 4358 λαῦρα.

102 4377 148 4432 Et.
168 4375 238 4434 (iud.
256 4378 318 4445 363,
337 4379 380 4433 31.
