3000 5040
765 234 830 300 222

298 396 371 462 336.
403 394 577 461 Eustoth.
597 415 627 479 p.
647 393 722 470 561,
741 393 771 458 2.
804 380 892 471 ὦτος
915 392 952 458 δὲ
973 388 1015 459 τό
1038 414 1076 458 τε
1098 386 1235 479 κύριον,
1264 384 1315 471 ὥς
1338 388 1390 480 ἔρ-

209 502 304 588 ρέθη,
327 502 384 566 καὶ
408 494 530 584 ὄρνεόν
553 523 586 565 τι
608 495 700 585 παρά
723 521 760 564 τε
778 491 994 585 Ἀριστοτέλει
1013 498 1067 586 (II
1086 498 1125 564 A.
1143 498 1233 565 VIII.
1254 499 1314 586 12)
1332 501 1390 565 καὶ

211 603 345 693 ἑτέροις,
368 601 415 684 ὡς
434 607 531 694 δηλοῖ
547 608 604 672 καὶ
623 599 641 672 ὃ
662 601 798 672 εἰπών·
823 593 975 693 ὦτος1)·
997 599 1235 693 παραπλήσιος
1256 607 1388 692 γλαυκὶ,

210 710 296 799 ἔχων
319 705 461 799 περὶτὰ
485 700 556 778 ὦτα
578 708 749 798 πτερύγια.
783 709 816 778 οἱ
840 711 877 779 δὲ
899 707 1137 799 νυκτικόρακα.
1183 711 1328 791 Αἴλιος
1351 713 1388 780 δὲ

182 816 418 896 ιΔιονύσιος
437 811 528 886 οὕτω
546 821 624 905 περὶ
641 815 767 884 τούτου
790 820 906 906 φησίν·
930 806 1082 905 ιύτος’)·
1107 811 1241 905 ὄρνεον,
1265 807 1287 886 3
1307 820 1387 906 περὶ

208 918 250 992 τὰ
269 915 341 992 ὦτα
360 923 425 1010 ἔχει
443 922 614 1011 πτερύγια.
638 933 741 992 τοῦτο
761 920 1007 1010 ἐπαινούμενον
1025 926 1083 991 καὶ
1101 917 1387 1013 ύντορχούμενον,

210 1023 324 1119 ὥσπερ
352 1025 371 1099 ὃ
399 1027 616 1118 νυκτικόραξ,
644 1024 824 1098 ἁλίσκεται.
858 1023 911 1099 διὸ
939 1023 1019 1110 τοὺς
1039 1026 1186 1117 χαύνους
1208 1033 1268 1098 καὶ
1291 1055 1387 1098 κενο-

211 1133 329 1220 δόξους
347 1132 457 1216 ὤτους
476 1135 631 1205 ἐκάλουν.
661 1138 706 1205 cf.
726 1162 755 1223 p.
777 1138 872 1217 1522,
889 1138 943 1217 55,
974 1137 1088 1205 ἰστέον
1106 1137 1143 1205 δὲ
1162 1129 1217 1205 ὅτι
1235 1131 1301 1206 τὸν
1319 1133 1387 1204 λά-

209 1247 318 1330 ρονθ)
340 1238 361 1332 ἦ
384 1236 528 1331 ύστερον
547 1237 697 1332 προσοχὴ
719 1252 952 1331 παροιμιακῶς
975 1236 1173 1332 ἄποκληροῑ.
1217 1236 1308 1312 ὅθεν
1330 1245 1388 1311 καὶ

173 1372 196 1412 ιο
209 1347 333 1436 λάρους
365 1343 445 1429 τούς
472 1343 608 1438 εὐήθεις
634 1351 757 1437 φαμέν·
800 1343 891 1418 ούτω
920 1351 957 1418 δὲ
983 1351 1041 1417 καὶ
1067 1350 1288 1437 κέπφουςί)
1317 1341 1387 1418 ἀπὸ

209 1453 357 1540 κούφου,
385 1449 431 1536 ὥς
458 1475 561 1540 φασιν
585 1455 622 1523 οἱ
645 1459 825 1539 παλαιοὶ,
853 1449 1054 1544 ὀρνιθαρλου
1081 1458 1139 1524 καὶ
1162 1448 1389 1544 εὐμεταχειρί-

210 1580 307 1645 στου,
334 1556 427 1630 καθὰ
454 1565 512 1629 καὶ
533 1555 626 1650 παρὰ
653 1572 703 1650 τῷ
726 1572 866 1651 κωμικῷ
894 1560 986 1631 ἔστιν
1009 1556 1128 1650 εὑρεῖν.
1168 1564 1228 1629 καὶ
1250 1550 1389 1650 ὦτοιθ)

211 1669 247 1735 os
270 1667 303 1734 οἱ
321 1662 428 1752 αὐτοὶ,
452 1661 521 1737 ἀπὸ
542 1664 682 1757 ὄρνιθος
698 1675 843 1758 μιμηλοῦ
860 1672 918 1736 καὶ
937 1662 1196 1758 εύεξαπατήτου,
1220 1661 1268 1748 ὦς
1287 1661 1389 1737 ἄλλα·

207 1782 270 1861 χοῖ
298 1784 413 1859 σαφῶς
441 1778 608 1864 δηλοῦται.
657 1768 709 1843 διὸ
742 1779 799 1843 καὶ
825 1769 846 1864 ἦ
873 1778 1034 1863 κωμῳδία
1067 1771 1274 1844 σκώπτουσα
1307 1764 1390 1853 τούς

172 1900 196 1941 1⁵
205 1876 401 1970 Ἀθηναίους

300 1977 328 2054 ού
350 1985 451 2074 μόνοι
475 1976 557 2054 ὦτοι
579 1997 650 2054 τῶν
669 1983 838 2076 Ἑλλήνων
861 1990 963 2077 (Com.
981 1990 1040 2056 111.
1058 2013 1087 2076 p.
1105 1989 1181 2068 407,
1197 1986 1308 2077 Kook)

211 2092 284 2182 ἔφη,
307 2088 355 2173 ὡς
377 2091 462 2184 ῥᾷον
485 2087 728 2180 ἀπατωμένους
751 2090 802 2174 οἷς
825 2088 1017 2164 ἀκούουσιν.
1104 2106 1110 2115 ’

255 2272 315 2327 336.
335 2274 356 2341 ¹)
376 2272 457 2327 (ἴσαν.
477 2273 543 2327 Hes.

300 2361 322 2430 ²)
340 2360 427 2416 Plane
447 2360 573 2430 congruit
586 2359 661 2416 Suid.
680 2361 724 2415 Ex
738 2360 852 2416 Aristot.
868 2361 902 2416 Η.
918 2363 951 2417 A.
965 2361 1042 2418 VIII.
1057 2363 1100 2418 12.
1119 2359 1306 2432 cognoscitur,
1324 2374 1390 2416 eum

211 2448 312 2506 librum
330 2450 365 2505 ob
384 2451 417 2505 A.
437 2450 569 2520 Dionysio
588 2449 741 2518 expilatum
761 2465 830 2505 esse.

300 2537 322 2606 ⁸)
341 2539 455 2594 Duabus
473 2540 507 2594 do
527 2537 617 2593 causis
637 2537 821 2608 fragmentum
840 2541 894 2594 huo
912 2538 1007 2594 attulit
1034 2539 1105 2608 quod
1124 2537 1271 2609 episeopus
1289 2537 1331 2594 so
1347 2536 1390 2593 lo·

212 2643 272 2682 oum
286 2629 408 2698 priorem
419 2634 563 2698 provocat:
584 2629 657 2695 quod
671 2627 821 2696 explicatio
835 2627 912 2698 prior
924 2644 986 2684 oum
1004 2626 1158 2698 posteriore
1176 2626 1329 2684 ooniunots
1346 2626 1389 2683 ls-

211 2714 286 2785 gitur
303 2733 347 2786 sp.
360 2717 405 2772 Et.
419 2718 457 2772 M.
471 2719 532 2780 826,
545 2717 588 2770 20.
608 2716 725 2771 Fontem
743 2717 830 2772 hebes
843 2716 971 2788 Dionysii
983 2715 1155 2786 ArIstoph.
1168 2714 1389 2787 Byzantium,

211 2803 246 2859 cf.
261 2804 331 2860 Mill.
350 2806 416 2861 Mel.
435 2823 462 2875 p.
480 2806 541 2860 422.
561 2794 646 2868 ὦτος·
671 2797 746 2869 εἶδος
763 2799 867 2876 ὀρνέου
880 2807 1005 2874 μιμηλοῦ
1018 2801 1090 2877 πρὸς
1104 2794 1158 2859 ὦσι
1170 2798 1223 2870 τὰς
1240 2800 1391 2876 πτέρυγας

213 2884 339 2962 ἔχοντος,
364 2887 465 2962 ὁμοίου
484 2895 599 2965 γλαυκὶ,
619 2886 658 2958 ὡς
672 2889 863 2965 Ἀριστοτέλης
881 2894 976 2963 φησίν.
996 2882 1071 2950 σύτο
1090 2891 1122 2949 δὲ
1139 2889 1270 2958 καὶτοὺς
1287 2887 1389 2959 sonio-

212 2977 354 3049 πατήτους
377 2977 506 3036 ἐκάλουν.
535 2981 575 3038 ef.
595 2982 666 3038 Prol.
690 2999 718 3051 p.
736 2983 779 3038 54.
807 2983 910 3038 Versus
933 2983 1036 3039 allatus
1058 2999 1103 3052 sp.
1121 2982 1216 3050 Koch,
1239 2982 1316 3037 Gom.
1334 2982 1387 3039 111

211 3087 238 3138 p.
257 3070 319 3124 407.
343 3069 384 3126 cf.
403 3072 505 3125 Athen.
524 3071 572 3126 IX.
592 3071 684 3127 3901).
703 3097 737 3116 =
756 3071 834 3126 Eust.
855 3073 933 3139 1687,
953 3072 996 3128 54.

299 3161 322 3224 ⁴)
340 3153 426 3229 λάρος
445 3164 474 3213 et
488 3157 599 3228 κέπφος
611 3159 685 3214 idem
701 3165 751 3228 est,
767 3159 801 3214 ct.
816 3161 907 3216 Schol.
921 3163 969 3215 Ar.
983 3160 1054 3215 Plut.
1070 3161 1131 3216 912.
1150 3157 1263 3230 κέπφος
1275 3158 1389 3216 Aristo·

211 3247 349 3314 pheneum
373 3249 429 3314 est,
454 3245 488 3301 cf.
507 3247 616 3316 Fragm.
635 3248 697 3302 Per.
717 3252 739 3312 ἓ.
758 3249 801 3304 20.
826 3248 942 3318 (Nauck.
961 3265 988 3318 p.
1007 3249 1062 3315 81.)
1084 3248 1157 3304 Mill.
1180 3247 1248 3303 nel.
1264 3263 1293 3318 p.
1313 3246 1388 3317 421.

212 3332 247 3388 ei.
265 3333 338 3389 Prol.
357 3333 375 3388 l.
390 3335 408 3389 l.
428 3334 489 3388 Non
509 3335 708 3404 seiungendum
726 3336 831 3406 putavi,
852 3337 924 3404 quod
943 3337 1040 3392 eudem
1060 3335 1212 3406 explicatio
1230 3337 1309 3406 sputi
1326 3335 1388 3391 iere

212 3437 306 3477 omnes
324 3421 533 3492 lexicographos
552 3424 634 3486 redit,
654 3424 688 3479 of.
708 3425 786 3479 Phot.
802 3425 877 3480 Suid.
897 3425 963 3480 Hes.
982 3425 1026 3479 Et.
1042 3424 1080 3480 M.
1099 3425 1160 3490 504,
1180 3427 1205 3480 1.
1224 3422 1317 3481 Sobel.
1336 3426 1387 3481 Ar.

212 3511 276 3566 Pac.
301 3511 378 3567 1067.
402 3537 437 3557 --
460 3511 549 3568 Schol.
572 3512 634 3568 NIo.
659 3514 739 3568 Alex.
760 3515 818 3570 165.
847 3513 927 3569 Unde
951 3514 1085 3569 concludo
1108 3513 1193 3569 etism
1215 3512 1389 3583 κεπφωθελς

231 3615 307 3656 ocem
327 3600 449 3656 eiusdem
469 3600 583 3670 originis
601 3601 688 3657 fuisse
707 3619 748 3672 ep.
767 3602 843 3659 Suid.
862 3602 930 3658 Lex.
949 3603 1063 3658 Bsohm.
1080 3602 1142 3670 275,
1160 3602 1204 3658 24.
1222 3602 1291 3659 Hes.
