3000 5040
720 185 762 250 38

159 366 254 428 supra
276 345 372 410 allato
396 344 611 410 contradicere
633 344 773 409 videtur:
797 364 900 426 neque
922 348 1028 408 tamen
1052 365 1161 409 revera
1184 344 1235 410 illi
1259 367 1334 412 oon·

159 453 302 516 tradicit:
326 452 421 515 immo
439 471 489 515 res
508 453 555 515 ita
577 455 760 533 comparata
783 456 831 515 est
850 449 901 536 (ut
919 450 1102 534 saepissime
1120 449 1244 516 factum
1263 473 1334 517 esse

158 556 324 642 videmus),
347 578 368 620 u
400 579 497 623 novus
516 558 645 641 quidam
668 564 778 623 auctor
799 557 889 641 quasi
912 557 1087 641 adlegetur,
1108 556 1166 622 ubi
1189 563 1333 624 tantum-

159 665 252 730 modo
275 663 371 729 verba
393 665 508 746 prioris
531 664 679 740 auctoris,
702 664 889 748 quinorum
908 662 1028 729 fontem
1047 663 1137 740 adiit,
1159 663 1333 742 adduntur,

159 775 196 834 ut
218 771 340 834 πολλοὶ
363 763 458 834 ἄλλοι
476 771 557 835 nihil
580 771 667 836 aliud
690 772 741 847 sit,
764 792 859 855 quam
882 770 989 853 opinio
1007 769 1110 835 altera
1127 769 1168 835 ab
1187 771 1333 837 atticista

159 878 228 960 ipso
252 876 439 942 collaudata
476 877 638 942 Eustatbii
661 877 759 960 igitur
781 877 869 943 loeus
890 877 975 942 lacer
998 875 1077 942 mihi
1099 897 1166 942 esse
1189 877 1333 944 videtur:
1379 895 1381 900 “

159 987 261 1048 totam
293 983 376 1048 Aelii
405 984 549 1068 Dionysii
582 985 759 1050 doctrinam
791 989 994 1049 servaverunt
1021 982 1113 1048 Phot.
1142 982 1230 1049 Suid.
1264 983 1331 1049 Ael.

160 1089 252 1154 Dion.
272 1090 350 1154 duas
372 1089 436 1155 iarn
459 1092 622 1174 opiniones
642 1090 785 1174 protulit,
808 1112 942 1174 quarum
964 1096 1110 1155 neutram
1133 1111 1224 1155 suam
1247 1089 1333 1167 feeit,

161 1196 375 1279 Diogenianus
397 1218 472 1262 vero
496 1219 566 1262 eam
589 1198 752 1281 amplexus
776 1202 838 1274 est,
863 1217 945 1282 quae
967 1205 1147 1281 magnetem
1169 1225 1214 1253 =
1233 1187 1280 1262 Ἡ.
1305 1201 1332 1262 λ.

162 1302 260 1368 fuisse
278 1309 383 1386 negat.
416 1303 508 1381 Quod
526 1308 634 1369 autem
653 1304 762 1369 eadem
781 1303 949 1388 explicatio
968 1301 1140 1370 artificiosa
1157 1303 1220 1368 loci
1238 1303 1333 1370 Euri·

161 1409 247 1493 pidei
265 1409 350 1494 apud
369 1409 458 1475 Phot.
478 1409 565 1476 Suid.
584 1410 703 1494 legitur
721 1416 817 1494 atque
836 1431 885 1493 ap.
904 1410 977 1476 Hes.
996 1410 1164 1494 respicitur
1186 1410 1230 1497 (si
1248 1411 1334 1476 enim

161 1516 327 1582 Platonem
354 1516 508 1600 increpat,
537 1538 608 1582 eum
631 1518 731 1584 Oenei
757 1517 860 1583 locum
883 1515 963 1582 falso
986 1537 1080 1583 sensu
1102 1517 1261 1600 accepisse
1284 1518 1334 1582 in·

162 1622 315 1709 simulat),
338 1622 417 1688 haec
435 1623 542 1706 opinio
560 1624 757 1707 Diogeniano
781 1623 843 1689 fuit
864 1623 1031 1689 vetustior:
1058 1644 1124 1688 non
1146 1623 1232 1688 enim
1254 1623 1333 1689 atti-

162 1728 258 1794 oistas
281 1750 320 1794 ex
343 1729 539 1812 Diogeniano
563 1730 704 1797 hausisse
727 1731 873 1815 cuiquam
895 1729 1064 1814 probatum
1087 1736 1143 1796 est.
1180 1729 1230 1794 Ex
1248 1751 1335 1796 com·

163 1834 250 1899 muni
273 1834 362 1901 fonte
384 1836 489 1919 potius
512 1836 694 1915 hauserunt,
718 1837 772 1923 qui
794 1837 855 1904 hoc
873 1838 941 1903 loco
960 1839 1012 1903 vix
1030 1837 1240 1922 repperiatur,
1263 1859 1336 1902 cum

163 1940 279 2007 Athen.
299 1947 331 2007 et
353 1941 432 2008 Poll.
451 1947 587 2009 taceant.

674 2208 762 2275 ΟΑΡ.
785 2210 822 2276 V.

255 2368 333 2436 Cum
359 2371 394 2436 in
421 2371 563 2437 codicum
585 2371 729 2457 Dionysii
757 2377 789 2437 et
816 2371 1006 2449 Pausaniae,
1033 2371 1144 2455 quales
1167 2370 1278 2437 Photii
1305 2378 1338 2438 et

165 2477 326 2542 Eustathii
357 2479 553 2563 temporibus
585 2478 725 2558 fuerunt,
758 2478 1036 2545 describendorum
1061 2479 1185 2545 ratione
1217 2478 1336 2545 videri·

166 2606 235 2650 mus
263 2589 295 2650 et
322 2586 392 2668 ipsa
418 2585 475 2651 illa
501 2586 602 2652 lexica
628 2608 691 2652 non
717 2587 841 2651 mendis
864 2586 1002 2652 caruisse
1025 2592 1058 2651 et
1080 2584 1245 2670 probabile
1269 2586 1337 2653 fao-

166 2695 234 2756 tum
257 2692 311 2767 sit,
334 2693 490 2758 atticistas
513 2694 629 2758 menda
651 2714 690 2757 ex
712 2692 866 2770 fontibus,
890 2712 968 2777 quos
990 2693 1052 2776 ipsi
1073 2693 1234 2769 adierunt,
1257 2713 1338 2758 non·

166 2819 328 2882 nunquam
346 2801 555 2878 transtulisse,
573 2799 675 2876 facile,
698 2799 809 2883 quanti
827 2800 977 2864 momenti
997 2820 1105 2864 eorum
1123 2798 1269 2864 doctrina
1287 2800 1339 2876 sit,

166 2905 307 2982 minoris,
325 2925 419 2988 quarn
432 2927 492 2988 par
510 2912 567 2984 est,
585 2907 778 2972 aestimetur.
806 2906 897 2985 Quod
916 2904 1034 2969 inimia
1050 2903 1129 2980 fieri,
1146 2905 1221 2970 inde
1235 2907 1339 2971 mani-

167 3009 283 3077 festum
303 3013 371 3088 erit,
395 3012 479 3095 quod
498 3012 618 3078 eisdem
635 3012 758 3077 mendis
781 3012 935 3095 imprimis
958 3013 1151 3087 adiuvamur,
1173 3016 1210 3076 ut
1232 3010 1339 3078 fontes

167 3118 239 3184 illos
267 3139 486 3202 agnoscamus,
518 3119 603 3184 unde
630 3119 842 3183 atticistarum
870 3118 1015 3184 doctrina
1040 3117 1224 3183 manaverit.
1270 3118 1339 3185 Iam

168 3245 265 3309 supra
288 3224 413 3307 saepius
436 3225 498 3290 loci
521 3225 613 3291 nobis
631 3225 811 3308 attingendi
831 3229 930 3302 erant,
953 3223 1067 3308 quibus
1085 3244 1142 3307 per
1160 3225 1340 3292 doctrinam

168 3330 283 3396 aetatis
310 3330 510 3397 Hadrianeae
536 3353 636 3416 usque
664 3332 705 3397 ad
732 3331 904 3415 Didymum
931 3335 976 3408 et,
1009 3331 1035 3395 si
1063 3331 1125 3396 diis
1151 3331 1270 3413 placet,
1296 3332 1340 3397 ad

168 3437 453 3502 Alexandrinorum
480 3437 702 3504 inexhaustam
729 3438 894 3503 seientiam
921 3436 1070 3522 progredi
1097 3435 1224 3502 licebat.
1270 3436 1340 3504 Hoc

169 3542 273 3626 capite
296 3562 334 3607 ea
355 3543 447 3608 nobis
471 3545 656 3627 exponenda
677 3545 912 3628 proposuimus,
941 3564 1022 3628 quae
1049 3544 1154 3609 adhuc
1177 3542 1221 3607 de
1244 3543 1340 3608 atti·

171 3649 353 3714 cistarum
385 3649 401 3712 f
405 3650 558 3716 ontibus
591 3652 718 3734 congeri
749 3655 929 3733 potuerunt.
984 3650 1086 3729 Quam
1123 3649 1341 3732 quaestionem

170 3755 266 3822 hodie
284 3754 405 3822 absolvi
423 3777 523 3840 posse,
546 3758 621 3823 dum
639 3762 688 3824 tot
705 3757 869 3841 praeclara
887 3758 1071 3823 adiumenta
1093 3755 1209 3821 veteris
1233 3760 1266 3821 et
1284 3776 1339 3822 ex-

170 3863 307 3946 quisitae
336 3862 498 3928 doctrinae
525 3864 631 3930 adhuc
656 3865 791 3941 lateant,
819 3866 895 3929 dum
916 3871 1039 3930 veteres
1061 3861 1123 3948 ipsi
1145 3861 1196 3928 rel
1218 3862 1341 3929 incuria

170 3971 220 4036 rel
234 3969 432 4054 malignitate
446 3972 486 4035 de
504 3971 586 4037 veris
604 3972 786 4037 auctoribus
806 3971 990 4057 sapientiae,
1008 3991 1104 4054 quam
1121 3990 1179 4053 pro
1194 3989 1253 4034 sua
1266 3990 1340 4034 ven-

172 4076 285 4153 ditant,
307 4082 443 4155 taceant,
465 4099 557 4144 nemo
579 4080 799 4163 expectaverit.
839 4077 912 4142 Non
935 4082 1073 4162 systema
1094 4075 1191 4142 hodie
1214 4076 1286 4141 dari
1308 4080 1340 4141 et

172 4181 278 4247 offerri
291 4183 418 4266 poterit,
437 4184 561 4269 singula
574 4189 708 4263 tanturn,
726 4206 828 4269 neque
842 4186 926 4251 inter
941 4205 981 4250 se·
992 4204 1119 4261 conexa,
1136 4181 1340 4267 proferemus

260 4288 307 4355 Ut
337 4296 444 4356 autern
474 4292 598 4358 ratione
629 4286 880 4376 progrediamur,
916 4289 1107 4376 fragmenta,
1144 4309 1225 4374 quae
1257 4287 1341 4356 huno
