3000 5040
809 264 872 333 180

252 429 391 516 πρῶν’)
414 428 539 512 κυρίως
562 420 601 493 τὸ
627 418 804 512 ὀρέγεσθαι
827 421 961 511 κάπρου
979 417 1042 512 τὴν
1061 414 1113 506 ὗν,
1137 417 1184 502 ὡς
1202 425 1261 491 καὶ
1278 431 1433 511 ταυρᾶν

253 553 332 623 φησι
356 527 396 601 τὸ
419 530 546 620 ταύρου
571 533 728 617 ἐφίεσθαι
750 525 812 620 τὴν
835 538 928 614 βοῦν.

342 644 416 708 221.
457 642 629 706 Eustath.
661 665 690 726 p.
721 642 821 718 1461,
849 640 901 706 25.
950 632 991 706 τὸ
1029 640 1065 706 δὲ
1102 639 1186 724 οἴνῳ
1222 643 1432 726 βεβαρῆσθαι

254 750 311 815 καί
338 752 540 835 καρηβαρεῐν
568 747 618 834 εἴη
647 740 703 828 liv,
731 748 787 812 καί
811 746 1096 834 καραιβαρᾶνί)
1123 745 1211 830 λέγει
1238 747 1295 812 καὶ
1332 749 1431 830 Φερε-

227 852 378 942 εκράτης
401 855 453 940 (fr.
473 856 546 920 218.
566 855 681 939 Koch),
705 847 751 931 ῶς
779 871 881 941 φησιν
904 853 1043 930 Αἰλιος
1066 848 1284 930 Διονύσιος.
1321 841 1359 930 ὃς
1380 851 1430 917 λε’-

253 985 302 1047 γει
330 963 387 1027 καὶ
415 952 467 1027 ὅτι
496 963 736 1048 καρηβοᾶνί)
768 953 808 1025 τὸ
837 959 978 1046 ἰλιγγιᾶν
1008 961 1065 1025 καί
1092 964 1343 1047 πεπληρῶσθαι
1370 951 1431 1045 τὴν

254 1059 406 1154 κεφαλὴν
429 1059 496 1132 ὑπὸ
521 1073 686 1152 κραυγῶν.

344 1176 418 1239 222.
451 1175 624 1241 Eustcth.
643 1197 672 1257 p.
692 1175 767 1250 368,
786 1175 837 1238 37.
865 1172 978 1239 ἰστέον
1003 1173 1039 1239 δὲ
1061 1174 1118 1239 καί
1142 1164 1196 1239 ὅτι
1219 1164 1261 1239 οὐ
1277 1168 1388 1257 μόνον
1410 1165 1430 1258 ἡ

253 1287 324 1346 τῶν
347 1276 531 1366 καρβάνονν
556 1275 630 1366 ἢτοι
652 1276 832 1366 βαρβάρων
855 1279 941 1359 λέξις
965 1278 1002 1345 ἐκ
1025 1286 1096 1346 τῶν
1120 1283 1245 1366 Καρῶν
1269 1279 1432 1366 εἰλῆφθαι

217 1409 243 1448 ιο
258 1389 361 1468 δοκεῖ,
381 1378 466 1452 ἀλλὰ
485 1388 540 1451 καὶ
561 1384 594 1452 οἱ
611 1378 703 1470 παρὰ
719 1388 925 1475 Παυσανίᾳ
944 1382 1188 1474 κάρδακεςῑ),
1212 1378 1320 1452 ὅέστι
1334 1403 1430 1471 στρα-

254 1499 373 1559 τιῶται
391 1496 470 1578 περὶ
483 1485 601 1559 Ἀσίαν.
626 1485 644 1558 ὁ
666 1493 702 1558 δὲ
720 1493 859 1571 Αίλιος
878 1489 1087 1571 Διονύσιος
1110 1485 1201 1559 οῧτοο
1220 1495 1315 1580 φησί·
1339 1488 1431 1578 κάρ-

256 1600 387 1676 δακες·
408 1591 449 1664 οὔ
465 1595 597 1664 δίκαιόν
612 1623 644 1664 τι
659 1599 764 1684 γένος,
783 1591 867 1664 ἄλλα
883 1597 916 1665 οἱ
929 1607 1055 1684 μισθοῦ
1074 1595 1336 1685 στρατευόμενοι
1354 1595 1431 1686 βάρ-

254 1711 352 1792 βαροι
374 1697 466 1791 παρὰ
493 1701 694 1791 Θεοπόμπῳ.
729 1698 845 1783 ἁπλῶς
869 1706 919 1786 δέ,
948 1723 1082 1793 φησιν,
1111 1703 1144 1771 οἱ
1166 1705 1294 1792 Πέρσαι
1316 1701 1431 1772 πάντα

254 1805 317 1878 τὸν
336 1804 493 1897 ἀνδρεῖον
511 1813 569 1876 καί
587 1816 708 1878 κλῶπα
726 1809 880 1898 κάρδακα
904 1809 1057 1878 ἐκάλουν.
1083 1809 1131 1877 έτι
1150 1811 1274 1893 ἰστέον,
1297 1803 1352 1878 ὅτι
1370 1835 1432 1877 πα-

217 1939 242 1980 15
256 1920 369 2004 ροιμία
399 1909 491 2002 παρὰ
524 1919 731 2007 Παυσανίᾳ
764 1919 901 2004 φέρεται
934 1919 989 1984 ἐπὶ
1020 1926 1090 1984 τῶν
1124 1917 1161 1984 έν
1193 1911 1343 1984 εὐτελέσι
1373 1909 1434 1995 τὰς

255 2026 373 2110 πείρας
390 2023 606 2107 ποιουμένων
624 2019 664 2090 τὸ
688 2025 756 2106 ,ἐν
779 2027 879 2111 Καρὶ
901 2017 972 2091 τὸν
995 2026 1251 2111 κίνδυνονέίί)
1271 2023 1347 2091 ἐπεὶ
1364 2027 1433 2089 Κᾶ-

256 2130 320 2216 ρές,
344 2147 452 2217 φησι,
475 2138 607 2216 πρῶτοι
631 2128 917 2218 ἕμισθοφόρησαν.

346 2238 421 2302 223.
454 2237 590 2303 Eustat
534 2239 711 2322 tat..1hp
696 2240 790 2316 1508,
810 2240 861 2302 53.
895 2229 991 2302 καὶ“
971 2261 1035 2359 ορα
1054 2231 1100 2315 ῶς
1118 2245 1182 2304 νῦν
1204 2237 1265 2322 μὲν
1289 2237 1435 2304 ἰαίνεται

256 2345 385 2430 καρδία.
419 2335 476 2410 ότε
505 2344 541 2409 δε
570 2337 678 2422 ἄλλως
706 2341 839 2429 πάσχει,
866 2340 944 2410 τότε
971 2336 1011 2410 τὸ
1044 2336 1435 2430 καρδιῶττειν1)ἐπ’

216 2471 243 2512 so
257 2442 359 2537 αυτῆς
380 2441 563 2534 λέγεται.
550 2444 634 2535 όπερ
659 2452 756 2537 δηλοῖ
776 2443 863 2516 κατὰ
886 2450 1030 2517 Αίλιον
1053 2447 1266 2516 Διονύσιον
1288 2442 1330 2516 τὸ
1354 2473 1435 2516 ναυ-

255 2564 332 2622 τιᾶν
355 2559 411 2622 καί
435 2549 548 2642 αλγεῑν
571 2549 633 2643 τὴν
656 2559 807 2643 καρδίαν.

347 2788 367 2854 7)
388 2786 422 2842 cf.
440 2789 518 2842 Phot.
534 2789 608 2844 Suid.
623 2788 713 2843 Schol.
726 2789 774 2842 Ar.
794 2788 866 2843 Plut.
887 2788 964 2842 1024.
995 2786 1281 2844 Artemid.0nir.11.
1302 2790 1345 2844 12.
1374 2789 1436 2846 Me·

257 2878 340 2930 nond.
358 2875 392 2930 fr.
413 2878 473 2931 917.
497 2877 584 2931 Kock.
613 2878 703 2932 Voces
722 2877 879 2946 explicatae
899 2892 934 2931 ex
948 2880 994 2931 Ar.
1013 2877 1085 2933 Hist.
1100 2877 1182 2932 onim.
1196 2877 1243 2932 VI.
1264 2878 1306 2933 18.
1325 2878 1437 2947 petitae

259 2980 320 3019 esse
340 2965 477 3019 videntur.

302 3054 363 3107 221.
384 3055 405 3119 1)
419 3055 479 3107 Ael.
491 3053 570 3108 Dion.
582 3054 655 3110 hono
662 3058 765 3125 χρῆσιν
775 3054 825 3109 sub
836 3071 860 3111 v.
871 3056 1041 3126 καρηβαρᾶν
1050 3055 1198 3125 protulisse
1208 3055 1331 3111 videtur:
1345 3055 1438 3114 forme

259 3144 384 3212 καραιβ.
399 3158 533 3209 nusquam
547 3143 614 3196 olibi
628 3144 755 3198 recurrit.
776 3146 948 3215 καρηβαρῶν
962 3144 1156 3199 atticissimum
1169 3143 1256 3199 fuisse
1271 3145 1355 3217 docet
1367 3147 1436 3202 Luc.

258 3228 375 3298 Lexiph.
396 3231 438 3285 13.
464 3230 503 3284 Of.
528 3231 606 3286 Phot.
631 3231 704 3286 Suid.
724 3233 789 3287 Hes.
808 3233 877 3288 Lex.
897 3234 1010 3288 Bochm.
1029 3234 1096 3304 2681,
1115 3234 1158 3288 13.
1180 3233 1226 3288 Et.
1245 3233 1284 3289 Μ.
1303 3235 1372 3302 478,
1391 3237 1436 3290 37.

258 3317 321 3373 Vid.
341 3318 409 3372 Poll.
429 3320 464 3374 Il.
483 3319 517 3373 41
538 3319 596 3386 (ubi
614 3323 784 3392 καρηβαρᾶν
802 3323 948 3390 legendum
969 3327 1020 3389 est,
1040 3321 1075 3376 ci.
1089 3323 1189 3393 Phryn.
1208 3322 1275 3378 Lob.
1295 3339 1322 3393 p.
1342 3323 1398 3393 80).

347 3406 369 3474 3)
389 3407 471 3462 eonv.
488 3407 576 3477 Phot,
597 3409 632 3463 cf.
652 3410 732 3479 Greg.
754 3410 813 3464 Cor.
833 3411 876 3465 ed.
896 3410 986 3466 Schts.
1005 3427 1032 3480 p.
1052 3412 1112 3467 553.

304 3496 365 3550 222.
385 3495 407 3566 1)
422 3496 503 3551 Conv.
514 3498 591 3551 Phot.
602 3527 637 3537 -—
651 3498 771 3568 Hesych.
786 3499 930 3568 utriusque
949 3500 1089 3555 atticistce
1108 3498 1324 3569 explicationem
1338 3506 1436 3555 conto·

259 3584 383 3638 minavit.
409 3585 449 3639 ct.
469 3586 558 3640 Strob.
579 3586 638 3640 XV.
655 3589 723 3652 734,
744 3587 792 3640 ubi
811 3589 933 3642 scholion
952 3588 983 3642 in
1000 3593 1108 3643 textum
1127 3588 1278 3658 inrepsisse
1297 3591 1378 3658 puto,
1399 3587 1435 3644 cf.

260 3673 387 3727 Kromon.
406 3674 425 3728 l.
446 3675 462 3728 l.
492 3675 684 3744 Theopompus
704 3676 824 3729 comicus
843 3675 929 3730 fuisse
947 3677 1064 3732 videtur.

349 3762 370 3828 ἰ)
388 3762 547 3831 Explicetio
575 3780 686 3832 prorsus
715 3763 844 3818 convenit
872 3781 933 3818 cum
961 3766 1052 3834 prime.
1075 3781 1119 3834 ep.
1140 3765 1436 3836 Zenob.111.oe(=

258 3850 329 3904 Mill.
350 3852 415 3905 Mel.
435 3869 461 3920 p.
477 3852 549 3916 349),
569 3852 999 3908 cf.Schol.Plet.Lach.18tss.
1019 3854 1064 3910 Et.
1078 3855 1115 3909 M.
1135 3855 1196 3919 492,
1216 3855 1240 3908 7.
1260 3853 1335 3910 Suid.
1350 3853 1434 3924 (λιες.

261 3939 340 4008 Gypr.
360 3940 408 3992 111.
428 3941 471 3994 45.
496 3941 586 3994 Schol.
605 3941 674 3995 Ven.
695 3941 729 3994 od
754 3940 786 3994 Il.
808 3943 826 3992 Ι
841 3943 902 3996 378.
927 3942 1016 3996 Schol.
1036 3942 1152 3997 Aristid.
1171 3943 1232 3998 Vol.
1251 3942 1300 3996 Ill.
1324 3959 1352 4012 p.
1372 3942 1434 4016 244.

262 4028 326 4091 Ddf.
346 4028 444 4082 Philol.
464 4044 525 4083 nov.
545 4045 598 4083 ser.
618 4030 639 4082 I.
659 4046 685 4097 p.
705 4031 765 4083 196.

303 4116 364 4170 223.
386 4118 405 4183 1)
424 4118 486 4170 Ael.
506 4116 594 4182 Dion.
615 4134 676 4171 cum
695 4119 730 4172 de
749 4117 919 4188 sigmatismo
944 4125 1053 4189 egeret,
1076 4122 1129 4175 hac
1149 4124 1374 4196 secessissent,
1398 4119 1432 4176 cf.

259 4203 292 4257 fr.
312 4205 373 4259 298.
401 4205 506 4259 Eodem
531 4206 669 4274 doctrine,
692 4207 742 4261 sed
766 4208 851 4278 molto
874 4208 961 4262 fusior
984 4213 1013 4263 et
1033 4205 1172 4279 χρήσεσιν
1196 4209 1316 4279 egregiis
1335 4213 1432 4264 ornate

260 4307 305 4360 op.
325 4292 403 4346 Phot.
423 4293 497 4348 Suid.
516 4295 649 4349 Brevioro
668 4297 732 4350 Hes.
754 4295 794 4350 Cf.
809 4297 875 4350 Poll.
896 4298 931 4350 ΙΙ.
951 4299 1012 4352 217.
1031 4299 1121 4353 Schol.
1135 4298 1222 4353 Thuc.
1236 4299 1271 4352 ΙΙ.
1291 4298 1334 4352 49.
1354 4297 1428 4352 Erot.

259 4396 286 4449 p.
305 4382 348 4447 80,
369 4383 410 4434 11.
431 4382 522 4436 Klein.
