3000 5040
735 244 774 306 71

171 430 257 491 μσς,
280 399 326 483 ὡς
344 399 496 490 μεγάλας,
520 403 691 488 διαφέρειν
710 404 791 489 φησὶ
813 398 977 489 Τρύφων
995 394 1100 487 παρὰ
1123 415 1206 480 τοῖς
1223 395 1339 470 Ἀττι-

171 525 272 593 κοῖς,
296 511 337 578 έν
361 510 533 596 δευτέρῳ
557 511 648 595 περὶ
666 502 837 594 Ἀττικῆς
855 509 1090 595 προσῳδίας.
1121 500 1179 575 dciv
1197 510 1259 594 μὲν
1277 503 1339 596 γάρ

172 611 443 706 ύξυτονῆσωμεν,
480 612 622 704 δηλώσει
654 607 693 681 τὸ
726 623 797 681 των
827 611 1043 700 Διοσκούρων
1077 608 1184 702 ἱερὸν,
1216 609 1275 682 έάν
1304 617 1339 682 δὲ

171 721 464 812 βαρυτονήσωμεν,
488 715 548 801 τάς
570 719 767 800 καταδύσεις
789 718 914 808 μηνύει.

261 833 348 897 Eust.
363 855 391 915 p.
406 833 481 909 906,
495 832 547 895 48.
566 830 618 916 (fr.
637 829 723 917 199.)
741 830 873 915 καὶτῆς
892 821 1066 915 ἁρπαγῆς
1086 829 1122 895 δὲ
1142 821 1232 916 [ῆτοι
1251 830 1340 916 διαρ-

170 942 292 1025 παγῆς]
315 930 336 1024 ῆ
356 930 509 1024 ἁρπάγη
529 936 711 1025 <διαφέρει>
736 941 864 1014 σκεῦος,
888 927 1024 1021 αύστῆρ,
1047 937 1076 1021 ῳ
1100 931 1224 1013 κάδους
1247 929 1339 1000 άνέλ-

170 1067 284 1128 κομεν.
310 1037 434 1128 ὁμοίως
447 1045 504 1108 καὶ
518 1039 694 1127 θαλάμαι
708 1042 770 1126 μὲν
783 1038 980 1127 βαρυτόνως
999 1044 1116 1123 ζωικαί
1134 1039 1341 1123 καταδύσεις,

171 1152 347 1235 θαλαμαὶ
367 1150 403 1216 δὲ
421 1146 523 1216 τόποι
542 1148 627 1235 ἱεροί
641 1144 870 1234 Διοσκούρων,
890 1141 936 1226 ούς
949 1149 1065 1226 Αίλιος
1084 1146 1258 1226 Διονύσιος
1276 1173 1340 1215 τια-

171 1252 427 1343 ρεσημειαίοατο.

259 1363 328 1428 Iam
354 1385 382 1428 v.
405 1363 520 1429 Velsen
547 1385 577 1446 p.
603 1362 652 1426 12.
676 1361 755 1427 Nab.
777 1360 861 1428 Prol.
885 1384 915 1445 p.
940 1363 980 1426 77
1009 1362 1089 1428 haec
1111 1383 1150 1427 ex
1172 1361 1340 1446 Tryphone

169 1470 338 1552 desumpta
374 1489 441 1534 esse
477 1469 714 1535 contenderunt.
769 1469 871 1534 Locus
908 1489 982 1533 vero
1019 1469 1073 1533 ille
1109 1468 1340 1533 Eustathianus

169 1576 242 1641 ideo
265 1573 479 1640 memorabilis
502 1580 559 1651 est,
582 1575 667 1656 quod
690 1574 771 1640 tales
790 1573 989 1639 differentiae
1007 1596 1118 1639 vocum
1139 1575 1245 1658 plures
1263 1573 1340 1640 affe·

168 1686 293 1746 rrmtur.
326 1681 415 1747 Duae
434 1686 540 1746 autem
559 1686 633 1746 sunt
655 1681 768 1746 series:
790 1682 880 1764 prior
902 1679 1084 1758 1.43-50‚
1108 1701 1189 1763 quae
1212 1679 1340 1746 vocibus

168 1788 373 1873 Dionysianis
387 1786 506 1864 finitur,
524 1788 690 1871 posterior,
709 1789 751 1853 ad
769 1787 996 1853 elementorum
1015 1788 1158 1852 ordinem
1176 1788 1340 1871 disposita,

168 1915 266 1980 quam
293 1915 327 1960 se
349 1893 526 1978 Philopono
555 1894 671 1960 debere
698 1895 863 1979 episcopus
891 1898 1036 1960 testatur.
1083 1894 1230 1960 Fortasse
1252 1896 1341 1978 prior

168 2001 267 2068 series
291 1996 465 2086 διαφόρων
489 1997 702 2087 σημειώσεων
726 2001 767 2066 ad
786 2001 921 2066 eundem
939 2001 1142 2085 Tryphonem
1160 2002 1341 2067 reducenda

168 2112 227 2173 est.
263 2107 418 2190 Exempla
436 2109 520 2173 enim
542 2108 652 2174 adlata
670 2107 839 2194 (imprimis
861 2107 990 2173 nomina
1012 2109 1150 2192 propria,
1173 2128 1254 2190 quae
1277 2109 1340 2175 alio

167 2218 304 2279 accentu
330 2217 477 2290 utuntur,
504 2218 601 2297 atquc
629 2214 834 2298 appellativa,
860 2220 898 2278 ut
920 2210 1034 2290 Κάκος
1061 2220 1094 2278 et
1116 2211 1236 2301 κακός)
1263 2235 1339 2281 nus-

169 2339 267 2404 quam
289 2319 377 2398 alias,
399 2321 555 2404 imprimis
577 2341 641 2386 non
663 2323 748 2404 apud
771 2321 997 2398 Herodianum,
1020 2327 1196 2386 recurrunt.

258 2425 306 2490 De
323 2425 361 2492 fr.
383 2425 432 2492 10.
451 2426 610 2512 (Ammon.
628 2450 658 2511 p.
677 2426 744 2512 94).
776 2418 919 2513 μισητῆ
943 2428 1000 2491 καὶ
1022 2423 1164 2513 μισῆτη
1189 2426 1339 2513 διαφέρει

167 2522 263 2615 παρά
294 2543 366 2608 τοῖς
386 2525 557 2613 Ἀττικοῖς,
590 2524 637 2610 cde
667 2550 748 2619 φησι
780 2529 944 2619 Τρύφων
977 2532 1018 2597 έν
1047 2533 1220 2619 δευτέρῳ
1248 2535 1340 2620 περὶ

163 2630 336 2722 Ἀττικῆς
362 2639 599 2724 προσῳδίας.
643 2631 702 2705 ἐάν
724 2638 786 2724 μὲν
808 2632 870 2724 γάρ
899 2631 1167 2726 δξυτονῆσωμεν,
1191 2642 1340 2726 σημαίνει

166 2734 231 2830 τὴν
258 2735 355 2824 άξίαν
382 2746 499 2828 μίσους
528 2784 569 2792 -
597 2736 657 2810 έάν
686 2745 721 2811 δὲ
748 2742 1046 2832 βαρυτονῆοωμεν,
1077 2737 1139 2832 τῆν
1166 2754 1340 2834 καταφερῆ

166 2842 254 2935 πρὸς
274 2852 465 2916 συνουσίαν.
488 2844 550 2937 τῆν
570 2851 605 2917 δὲ
626 2844 792 2938 διαφοράν
810 2859 882 2918 τῶν
901 2851 1155 2939 σημαινομένων
1173 2854 1230 2918 καὶ
1247 2845 1340 2939 ιιαρά

167 2958 331 3042 Δωριεῦοί
354 2974 436 3044 φησι
455 2955 688 3040 φυλάττεσθαι
706 2961 762 3024 καί
780 2950 864 3044 παρ’
881 2953 993 3024 Ἴωσιν
1011 2961 1075 3026 iam
1092 2960 1172 3025 Nab.
1192 2983 1221 3044 p.
1242 2961 1283 3025 76
1294 2983 1339 3045 sq.

167 3061 269 3128 fusius
288 3065 362 3148 egit,
381 3070 414 3129 et
432 3085 470 3128 ex
488 3065 579 3131 Phot.
594 3061 712 3152 μισῆτη
732 3064 769 3130 of.
783 3067 870 3132 Eust.
889 3088 919 3149 p.
940 3066 1035 3143 1651,
1057 3067 1084 3132 1.
1116 3066 1242 3132 Aelium
1261 3067 1338 3133 Dio-

167 3170 292 3253 nysium
319 3171 452 3235 eandem
479 3171 657 3236 doctrinam
683 3172 852 3255 protulisse
879 3177 965 3238 recte
999 3173 1122 3238 conicit.
1168 3173 1219 3238 An
1251 3181 1339 3239 recte

167 3274 391 3359 Aristophanis
423 3278 601 3342 doctrinam
610 3278 637 3363 1)
670 3299 689 3342 a
720 3278 889 3363 Tryphone
921 3282 1102 3363 excerptam
1136 3300 1204 3344 esse
1231 3278 1339 3345 Naber

166 3386 260 3464 putet
280 3404 310 3464 p.
331 3381 392 3460 77,
410 3382 567 3448 incertum
591 3388 646 3448 est.

256 3487 308 3552 Ad
321 3509 429 3554 vocem
447 3481 602 3575 ἁρπάγη
619 3491 734 3554 iterum
752 3497 902 3573 provocat
916 3490 1043 3574 Trypho
1063 3489 1104 3555 έν
1122 3491 1242 3576 τρίτῳ
1261 3492 1340 3575 περὶ

160 3585 307 3680 Ἀττικῆς
329 3595 522 3680 προσῳδίας
545 3617 595 3679 ap.
618 3595 761 3661 Ammon.
785 3619 815 3679 p.
839 3597 892 3661 22.
917 3596 969 3682 (f.
992 3597 1041 3662 12.
1061 3596 1158 3680 Vels.)
1181 3596 1218 3662 cf.
1237 3619 1266 3679 p.
1287 3597 1337 3661 79.

167 3704 208 3764 et.
227 3699 316 3765 Eust.
334 3721 364 3783 p.
385 3700 481 3778 1390,
500 3700 551 3766 52.
598 3700 786 3767 Coniectura
813 3707 863 3767 sat
885 3701 1044 3785 probabili
1068 3723 1118 3779 ea,
1146 3724 1226 3786 quae
1248 3703 1337 3769 Eust.

165 3827 196 3889 p.
215 3805 310 3883 1698,
325 3807 376 3873 28.
392 3827 431 3872 ex
444 3807 612 3891 Tryphone
631 3808 761 3892 profert,
779 3810 821 3873 ad
839 3811 1051 3874 atticistarum
1069 3809 1171 3873 lexiea
1189 3808 1338 3894 (quorum

166 3911 205 3976 fr.
225 3912 267 3977 88
277 3912 304 3998 ί)
328 3911 546 4001 subsequitur)
569 3914 689 3981 referre
710 3935 884 3999 possumus.

256 4090 278 4156 1)
297 4089 374 4158 Quae
397 4092 445 4145 Ar.
463 4092 529 4160 Byz.
547 4091 684 4155 docuerit,
709 4091 873 4160 ambigitur:
901 4092 978 4146 Eust.
993 4092 1010 4146 l.
1024 4092 1041 4145 l.
1050 4087 1193 4161 μισητέον
1212 4090 1335 4160 exhibet,

165 4177 242 4233 idem
260 4177 330 4234 Poll.
342 4179 389 4234 VI.
405 4180 464 4234 189.
487 4179 521 4234 In
541 4181 681 4250 excerptis
699 4181 738 4235 M.
757 4196 821 4235 vero
840 4185 971 4236 accentus
989 4174 1092 4249 μιοῆτη
1113 4184 1154 4248 (nt
1172 4180 1246 4250 apud
1265 4180 1335 4250 Try-

165 4267 296 4336 phonem)
314 4265 426 4336 legitur.

256 4354 278 4425 ²)
297 4354 332 4411 cf.
345 4360 401 4412 not.
416 4357 439 4413 1.
458 4352 593 4414 Atticista
611 4373 672 4414 cum
685 4357 844 4415 Herodiano
857 4358 985 4416 concinit.
998 4389 1034 4399 -
1051 4358 1095 4414 Ea
1108 4374 1179 4430 quae
1191 4358 1269 4416 Eust.
1283 4357 1301 4414 l.
1314 4359 1333 4415 l.
