3000 5040
667 264 729 329 141

111 413 199 490 ὅθεν
222 425 280 489 καὶ
304 419 598 508 δελφινσφόρος
626 429 708 500 ιἀῦς
735 414 827 509 ταρδι
853 424 1042 507 θσυκυδὶδη
1070 425 1127 488 καὶ
1152 426 1283 508 δελφῖ-

112 532 198 610 ναλ)
223 531 259 596 δὲ
283 532 403 597 ναῦταί
426 531 490 617 (ed.
513 525 649 616 ναύτην.
677 531 786 595 Naber
812 532 962 616 correxit)
991 548 1106 612 φασιν,
1136 521 1173 607 ὃς
1200 523 1285 616 πρὸς

111 636 217 716 ἱστοῖς
241 637 419 724 έκρέματο,
446 649 517 714 τοϊς
538 636 600 720 μὲν
625 639 779 723 σιδηροῦς
800 651 872 713 τοῖς
896 638 931 702 δε
954 638 1149 721 μολυβδοῦς.
1183 661 1284 702 κατα-

110 742 238 831 ράκτης
262 743 308 821 εἰς
331 735 373 809 τδι
392 734 552 829 λῃστρικὰ
571 747 680 808 πλοῖα.
703 745 801 827 μνεία
821 744 856 809 δὲ
875 739 1033 808 τοιούτου
1053 745 1210 826 δελφῖνος
1228 745 1285 808 καὶ

109 860 162 938 τοῦ
190 857 330 936 κωμικῷ
358 850 425 935 (Ar.
445 851 503 932 Eq.
524 850 602 935 762)
631 851 688 914 καὶ
717 845 849 935 ἑτέροις.
882 841 1028 933 ἀλλαχοῦ
1056 851 1092 914 δε
1119 852 1196 935 περὶ
1223 858 1286 915 τοῦ
1311 873 1324 912 s

111 951 220 1024 αῦτσῦ
242 954 361 1043 γράφει
385 948 403 1022 ὃ
427 952 579 1043 ῥηθεὶς,
604 946 656 1020 ὅτι
680 949 699 1021 ὃ
724 958 852 1038 δελφὶς,
876 948 894 1020 ὃ
918 953 1125 1040 καλούμενος
1148 957 1284 1042 κερκέ-

110 1066 214 1151 τηςθ)
244 1061 312 1128 ἐστὶ
340 1059 514 1150 μηχάνημα
543 1064 717 1149 σιδηροῦν,
745 1052 764 1127 δ
793 1062 969 1148 ἐξαρτᾶται
991 1070 1051 1148 τῆς
1074 1055 1173 1143 νεώς,
1202 1054 1285 1129 ὅταν

110 1160 133 1254 ᾗ
157 1164 277 1254 ἄνεμος
300 1162 385 1255 πρὸς
408 1161 447 1234 τὸ
472 1162 631 1252 αντέχειν.
656 1162 769 1233 ἄλλοι
794 1169 832 1233 δέ
853 1186 969 1251 φασιν·
995 1162 1142 1254 ὄργανον
1164 1174 1283 1254 μολυβ-

112 1279 199 1343 δοῦν
222 1268 309 1363 πρὸς
332 1277 526 1359 ναυμαχίαν.

206 1384 277 1447 119.
309 1383 481 1449 Eustath.
506 1404 536 1464 p.
560 1383 635 1459 396,
654 1383 706 1447 22.
739 1381 851 1447 ἰστέον
875 1381 910 1446 δὲ
935 1373 987 1446 ὅτι
1011 1380 1048 1446 ἐν
1071 1389 1120 1467 τῷ
1143 1381 1285 1447 Αἰλίου
1301 1403 1326 1442 ιο

111 1491 328 1555 Διονυσίου
351 1493 472 1574 λεξικηῦ
491 1488 639 1574 φέρεται,
663 1479 715 1553 ὅτι
734 1487 864 1573 λέγεται
883 1480 924 1551 οῦ
941 1483 1050 1571 μόνον
1070 1487 1286 1575 δένδρονῑ),

111 1586 199 1661 οῗλλδι
230 1596 287 1660 καὶ
320 1594 510 1681 δένδρεον
542 1596 600 1659 καὶ
628 1593 800 1679 δένδρος.
835 1596 916 1680 φησὶ
946 1602 1030 1678 γοῦν
1058 1586 1111 1660 ὅτι
1145 1594 1286 1680 δένδρον

110 1707 242 1788 μᾶλλον
264 1694 284 1788 ἢ
309 1701 456 1788 δένδρος,
479 1703 536 1767 καὶ
560 1701 682 1786 δένδρα
704 1705 832 1784 μᾶλλον
855 1693 876 1786 ἢ
901 1700 1035 1787 δένδρη,
1059 1703 1115 1765 καὶ
1139 1699 1173 1766 αἱ
1195 1698 1285 1767 πτυέ-

112 1826 182 1886 σεις
214 1808 356 1893 δένδρου
388 1810 446 1873 καὶ
475 1807 620 1893 δένδρῳ,
650 1812 780 1891 μᾶλλον
807 1800 828 1894 ἢ
857 1807 1000 1892 δένδρει,
1033 1809 1090 1873 καὶ
1118 1807 1285 1893 δένδρσυς.

112 1913 280 1998 Ξενοφῶν
304 1915 517 2000 δέ,·φησιν,
546 1913 683 1990 ἐκείνους
709 1918 837 1998 μᾶλλον
865 1905 1034 1999 ὀνομάζει,
1064 1914 1201 2000 δένδρος
1228 1916 1285 1980 καὶ
1300 1934 1325 1974 15

112 2021 244 2107 δένδρει
266 2022 324 2086 καὶ
347 2021 498 2106 δένδρεσι
520 2021 578 2084 καὶ
597 2020 718 2105 δένδρη
736 2021 793 2084 καὶ
813 2019 959 2105 δένδρεα.
985 2012 1124 2107 (Όμηρος
1144 2022 1179 2086 δὲ
1198 2017 1285 2088 svau

109 2126 175 2213 μὲν
190 2128 328 2214 δένδρεα
342 2127 429 2212 λέχει
444 2123 530 2193 ἔνθα
546 2127 582 2193 δε
596 2127 765 2211 ,δενδρέῳ
785 2122 1010 2210 ἐφεζόμενοιέέ.
1039 2118 1092 2194 ὅτι
1112 2128 1147 2194 δὲ
1167 2127 1204 2193 ἐκ
1222 2135 1285 2194 τοῦ

113 2234 256 2319 δένδρου
279 2235 336 2299 καὶ
360 2230 671 2320 δενδρυάζεινλ),
695 2226 741 2310 ὡς
764 2235 821 2298 καὶ
844 2231 881 2297 ἒν
904 2225 1071 2323 Ὀδυσσείᾳ
1093 2235 1285 2321 γέγραπται,

110 2332 153 2406 τδ
179 2342 274 2427 δρυσὶ
298 2340 483 2407 σκέιιεσθαι
510 2341 567 2405 καὶ
594 2331 634 2405 τδ
663 2332 749 2406 καθ’
772 2330 895 2417 ὕδατος
919 2337 1074 2420 δύεσθαι,
1101 2333 1147 2406 τὰ
1171 2338 1283 2428 ῥητο-

111 2439 205 2533 ρικὰ
229 2449 392 2534 δηλοῦσι
415 2443 559 2528 λεξικά.
601 2439 635 2511 ‘0
660 2446 695 2512 δὲ
718 2443 835 2533 ῥηθεὶς
858 2443 1068 2524 Διονύσιός
1092 2466 1206 2534 φησιν,
1231 2440 1324 2514 ὅτινα

110 2556 171 2620 καὶ
194 2551 314 2641 φιονὴν
336 2577 413 2620 τινα
435 2559 597 2619 καλοῦσιν
621 2551 654 2618 οἱ
677 2555 855 2637 φιυνασκοὶ
878 2550 1157 2639 δενδρυάζουσαν.

205 2663 276 2726 120.
308 2661 480 2728 Eustath.
498 2684 528 2744 p.
549 2662 624 2738 398,
643 2662 694 2726 29.
727 2652 766 2726 τὸ
787 2659 823 2725 δὲ
843 2662 958 2746 δεῦρο
978 2668 1041 2726 νῦν
1061 2661 1122 2745 μὲν
1145 2653 1185 2726 τὸ
1205 2660 1284 2728 ἐλθὲ

112 2768 218 2855 δηλοῖ.
252 2760 399 2852 ἀλλαχοῦ
427 2767 465 2833 δέ
490 2790 575 2833 ιιοτε
603 2760 643 2833 ιδ
667 2764 806 2848 ἐνθάδε,
834 2760 881 2844 ὡς
903 2769 960 2832 καὶ
982 2766 1120 2845 Αἴλιος
1143 2764 1282 2834 Διονύ-

111 2875 242 2960 σισςῑ).

207 3052 227 3118 ²)
245 3052 289 3105 Ex
302 3053 428 3120 pleniore
443 3051 535 3121 glossa
547 3051 702 3107 Pausaniae
715 3051 831 3106 allatum
851 3067 911 3106 esse
931 3051 1047 3107 videtur.
1075 3053 1206 3107 Recurrit
1220 3053 1283 3108 doc·

115 3141 193 3196 trina
207 3156 250 3210 ap.
264 3141 339 3195 Suid.
353 3141 437 3218 ς1.2.,
451 3141 497 3208 qui
510 3139 704 3208 Aristophanis
717 3141 806 3194 locum
822 3157 856 3193 ex
870 3143 940 3208 Equ.
955 3142 1007 3196 762
1019 3140 1064 3208 (cf.
1078 3141 1178 3207 Schol.)
1192 3141 1282 3196 affert.

112 3229 243 3284 Scholion
258 3229 398 3298 Aristoph.
409 3245 453 3284 no.
464 3232 489 3284 3.
500 3245 535 3283 ex
550 3227 734 3283 atticistarum
750 3228 859 3283 scriniis
878 3230 1070 3299 depromptum
1089 3245 1150 3285 esse
1164 3229 1282 3284 videtur.

203 3317 224 3386 ⁸)
244 3317 277 3372 cf.
297 3319 376 3373 Phot.
394 3319 460 3373 Hes.

158 3407 218 3462 119.
238 3408 260 3477 1)
274 3407 389 3473 Similia,
403 3409 453 3461 sed
465 3408 551 3462 multo
563 3406 691 3461 breviora
700 3425 726 3476 p.
738 3407 798 3475 772,
809 3407 851 3461 31.
865 3408 940 3472 1433,
951 3409 994 3462 47.
1013 3409 1057 3462 Ex
1066 3408 1209 3462 uberrima
1217 3407 1283 3460 Dio-

111 3495 186 3566 nysii
196 3495 320 3551 doctrina
330 3496 403 3565 apud
408 3496 575 3565 posteriores
585 3496 625 3549 nil
636 3502 773 3550 servatum
780 3501 830 3560 est,
836 3496 891 3551 nisi
901 3496 1018 3550 miserae
1029 3497 1147 3551 laciniae
1158 3513 1201 3565 ap.
1208 3495 1282 3550 Suid.

112 3582 223 3654 δένδρει
241 3587 282 3657 τῷ
301 3581 413 3657 δένδρῳ.
433 3585 520 3639 Moer.
534 3582 658 3654 δένδροις
672 3584 818 3653 Ξενοφῶν,
839 3582 967 3656 δένδρεσι
984 3587 1154 3653 Θουκυδίδης
1172 3587 1215 3652 (11.
1230 3585 1282 3650 75).

204 3675 225 3738 2)
243 3673 278 3728 cf.
297 3674 374 3727 Eust.
395 3674 539 3742 1726,16.
569 3661 612 3727 δτι
632 3671 662 3727 δὲ
686 3676 735 3727 καλ
759 3669 939 3744 δενδρυάζειν
963 3670 1101 3728 ἐντεῦθεν
1119 3670 1151 3727 τὸ
1172 3669 1202 3726 έν
1221 3675 1282 3743 δρυ-

113 3763 167 3827 σὶν,
188 3752 207 3816 δ’
217 3757 278 3816 ἐστι
292 3759 426 3832 δένδροις,
446 3757 635 3832 κρύπτεσθαι,
656 3758 811 3831 δεδήλωται
830 3764 878 3815 καὶ
891 3759 1025 3831 ἀλλαχοῦ.
1051 3763 1117 3816 Cum
1130 3762 1283 3816 Pausaniae

112 3850 298 3919 fragmentum
318 3845 425 3921 έφυγον
443 3846 541 3914 κακὸν,
562 3841 648 3921 εὗρον
666 3844 785 3918 ἄμεινον
804 3853 997 3918 subsequatur,
1018 3851 1071 3904 lex.
1091 3851 1162 3903 rhet.
1181 3851 1282 3904 Pausa·

113 3940 179 3995 niae
203 3955 262 3994 esse
282 3939 397 3995 confido.
426 3941 509 4009 Apud
531 3939 698 4008 posteriores
717 3940 837 3994 recurrit
855 3939 982 3995 doctrina
1000 3957 1044 4008 ap.
1064 3939 1137 3993 Suid.
1158 3939 1222 3992 Hes.
1238 3939 1281 3993 Et.

113 4030 154 4084 M.
173 4047 200 4098 p.
218 4031 279 4095 255,
299 4030 341 4085 55.

159 4119 259 4185 120.1)
283 4119 364 4173 (λοστ.
392 4117 467 4172 Suid.
490 4118 527 4186 gl.
552 4119 576 4171 1.
604 4117 670 4170 Hes.
696 4123 725 4170 et
747 4118 814 4171 Lex.
839 4117 951 4170 Bachm.
977 4116 1041 4184 191,
1066 4117 1108 4169 22.
1142 4117 1225 4186 δεῦρο
1255 4122 1283 4171 et

114 4203 194 4277 δεῦρ’
208 4203 261 4260 αἰεί.
282 4206 326 4274 (cf.
341 4205 435 4273 Sulci).
463 4206 597 4260 Doctrina
617 4206 714 4259 eadem
733 4207 781 4259 sed
800 4205 864 4258 aliis
884 4205 974 4258 verbis
994 4221 1038 4274 ap.
1051 4205 1094 4258 Et.
1110 4206 1147 4259 M.
1163 4205 1223 4271 258,
1240 4207 1281 4260 54.

113 4296 159 4349 Et.
174 4295 241 4350 (iud.
255 4312 281 4365 p.
296 4297 356 4362 139,
369 4297 411 4350 32,
430 4295 466 4364 gl.
484 4297 506 4349 1.
521 4301 557 4349 et.
571 4296 595 4348 2.
615 4294 738 4347 Priorem
757 4293 987 4362 significationem
1005 4295 1092 4348 habes
1107 4295 1136 4347 in
1149 4296 1178 4348 Β.
1192 4297 1225 4349 Α.
1240 4296 1282 4362 88,

114 4385 166 4449 19,
178 4385 294 4440 alteram
307 4401 351 4454 ap.
364 4386 490 4454 Apollou.
505 4384 558 4437 lex.
572 4384 650 4436 Hom.
665 4384 708 4444 57,
721 4384 764 4437 33.
779 4384 866 4437 Beklr.
877 4415 911 4422 —
922 4383 986 4437 Alia
1006 4389 1048 4438 est
1067 4384 1191 4438 doctrina
1206 4385 1227 4436 B
1249 4386 1282 4438 A.
