3000 5040
632 239 673 303 69

70 401 110 467 ci.
128 401 180 465 Et.
195 400 237 466 M.
257 398 331 474 214,
351 397 409 484 36)
428 399 469 463 ad
489 399 646 464 atticistas
664 400 806 464 revocari
821 398 954 483 possint,
973 397 1084 464 dubito
1095 397 1130 482 ¹).
1157 399 1239 483 Boy·

68 529 125 573 sen
143 528 174 590 p.
194 506 234 569 61
247 527 292 589 sq.
316 509 403 570 recte
425 506 563 589 glossam
586 497 753 586 ὑπόξυλος
776 506 810 570 in
832 506 1018 572 alterutram
1040 511 1163 590 partem
1186 527 1239 571 vo-

69 615 136 679 cari
167 632 260 696 posse
293 612 529 677 demonstravit.
582 611 748 677 Atticistas
780 613 879 696 igitur
912 632 1008 696 opera
1041 613 1241 696 Diogeniani,

69 721 133 786 etsi
155 720 291 803 scriptor
320 719 459 783 eiusdem
486 718 552 784 fere
576 719 638 783 fuit
659 719 789 800 aetatis,
817 740 908 784 suum
935 721 968 783 in
995 739 1086 784 usum
1113 740 1240 786 vocasse

67 826 207 892 libenter
230 824 436 891 concedimus.
483 824 521 890 Id
548 845 623 889 vero
646 830 737 891 extra
760 846 885 890 omnem
908 824 1142 890 dubitationem
1164 826 1240 909 poni

68 934 178 1009 debet,
210 953 249 997 ex
279 931 477 1015 paucissimis
509 929 709 1015 fragmentis,
741 953 823 1014 quae
854 933 923 996 iure
956 933 998 996 ad
1029 931 1239 1016 Pamphilum,

68 1039 312 1124 Diogenianum,
340 1043 373 1102 et
400 1037 493 1102 simul
520 1037 562 1103 ad
585 1039 743 1131 atticistas
766 1045 968 1115 revocantur,
995 1060 1110 1103 nexum
1133 1039 1239 1114 talem,

66 1152 105 1211 ut
123 1146 309 1229 Pamphiles
330 1165 388 1229 per
409 1145 641 1228 Diogenianum
663 1146 705 1210 ad
728 1146 885 1212 atticistas
907 1145 1117 1229 pervenerint,
1140 1150 1205 1210 stat
1230 1145 1236 1158 '

66 1274 131 1318 non
153 1273 252 1337 posse.

617 1499 691 1581 14.

157 1661 322 1741 Quartus
340 1682 415 1726 vero
434 1661 557 1726 accedit
575 1665 695 1737 auctor,
715 1681 807 1744 quem
820 1661 854 1724 in
869 1661 959 1725 libris
974 1661 1136 1726 adrerum
1151 1663 1237 1727 ordi-

66 1789 141 1834 nem
160 1768 322 1852 dispositis
344 1767 386 1832 ab
409 1768 559 1833 atticistis
577 1765 758 1832 adhibitum
779 1788 846 1832 esse
864 1773 985 1832 certum
1009 1773 1066 1845 cst,
1089 1768 1238 1853 Trypho

66 1875 349 1940 Alexandrinus
358 1874 395 1961 ²).
419 1874 496 1940 Eius
506 1873 685 1957 fragmenta
698 1879 805 1940 autem
815 1874 983 1940 maximam
996 1879 1120 1960 partem
1134 1897 1238 1960 gram-

65 1982 185 2048 matica
198 1987 231 2047 et
244 1981 410 2066 prosodica
424 1979 521 2046 fuisse
534 2001 608 2046 mox
621 1981 796 2065 apparebit.
825 1981 893 2046 Iam
907 1981 987 2048 Nab.
1002 1981 1084 2048 Prol.
1101 1983 1151 2048 75.
1171 1983 1239 2067 opi·

65 2091 193 2154 nionem
211 2088 353 2172 protulit,
376 2088 535 2153 atticistas
553 2087 713 2154 nonnullis
735 2087 813 2153 locis
834 2107 874 2152 ex
895 2087 951 2153 illo
969 2090 1116 2172 pendere.
1140 2089 1238 2163 Cohn.

66 2194 201 2262 Jahrbb.
219 2193 290 2260 XII.
305 2194 380 2259 319.
399 2199 463 2261 not.
485 2194 535 2261 78.
555 2194 589 2258 id
608 2195 737 2277 quidem
754 2195 911 2260 incertum
929 2216 996 2260 esse
1014 2201 1115 2279 putat,
1131 2201 1238 2260 utrum

65 2301 302 2385 Aristophanea
320 2321 377 2384 per
391 2300 592 2385 Tryphonem
611 2301 653 2365 ad
671 2301 830 2366 atticistas
848 2302 1058 2385 pervenerint,
1072 2323 1179 2368 necne.
1194 2341 1238 2351 —

65 2407 307 2484 Testimonium,
335 2409 421 2490 quod
442 2406 534 2472 nobis
558 2407 754 2483 ostenderet,
782 2407 919 2472 alterum
946 2430 985 2472 ex
1012 2407 1113 2474 altero
1136 2410 1238 2487 citari,
1277 2451 1279 2455 -

66 2513 203 2600 1111111).
221 2513 340 2579 Tamen
352 2513 445 2597 plura
458 2511 571 2578 afferre
582 2534 720 2597 possum,
734 2513 850 2596 quibus
865 2515 1108 2592 demonstratur,
1117 2515 1238 2581 Naberi

67 2621 249 2704 opinionem
266 2623 387 2685 rectam
405 2639 481 2685 esse.
518 2619 678 2703 Imprimis
696 2619 826 2685 fuerunt
843 2620 919 2685 libri
937 2620 1160 2704 Tryphoniani,
1183 2622 1238 2705 qui

66 2728 226 2792 atticistas
244 2725 431 2803 allexerunt,
454 2727 707 2810 grammatici,
726 2733 763 2791 ut
781 2728 859 2812 περὶ
876 2722 1080 2811 πνευμάτων
1099 2727 1237 2813 (Velsen.

65 2834 202 2919 5-10),
224 2833 302 2918 περὶ
318 2823 464 2918 Ἀττικῆς
481 2833 676 2917 προσῳδίας
694 2832 751 2920 (ib.
769 2856 799 2917 p.
820 2833 876 2920 10)
902 2839 934 2898 11
957 2834 1083 2898 similes.
1129 2834 1237 2899 Adno-

65 2941 205 3005 tationes
223 2940 448 3023 grammaticae
467 2960 530 3004 non
547 2960 667 3024 paucae
686 2941 772 3023 apud
790 2939 946 3006 atticistas
965 2946 1142 3007 occurrunt
1175 2941 1237 3006 Im-

65 3047 177 3130 primis
200 3047 357 3112 debentur
380 3045 471 3112 Aelio
494 3047 655 3130 Dionysio,
678 3047 878 3113 Pausaniana
899 3048 1003 3114 rarius
1026 3047 1175 3114 invenies.

155 3153 204 3216 Ex
221 3152 319 3218 ¹libro
347 3153 438 3238 περὶ
470 3149 709 3236 πνευμάτων
736 3154 816 3219 haec
842 3154 934 3220 nobis
961 3159 1139 3221 occurrunt.
1184 3155 1236 3219 Fr.

65 3259 96 3323 3.
111 3259 160 3324 ed.
175 3258 299 3325 Velsen.
313 3259 416 3342 Epim.
431 3259 522 3325 Hom.
536 3281 566 3342 p.
584 3260 656 3335 193,
671 3261 714 3325 28
730 3260 846 3345 (Oram.
857 3261 916 3326 An.
931 3262 1001 3327 Par.
1016 3262 1073 3325 III.
1089 3261 1163 3338 367,
1180 3260 1236 3346 16)

64 3352 155 3450 ἦδος.
185 3357 204 3428 ὃ
232 3360 375 3450 Τρύφων
403 3357 422 3430 ὃ
449 3357 676 3450 γραμματικὸς
704 3376 856 3432 coruscet
875 3379 946 3444 τοῖς
970 3363 1153 3433 δασύνουσι
1175 3358 1237 3452 τὴν

64 3470 157 3551 λέξιν
174 3465 310 3557 ταύτην,
330 3466 416 3536 διότι
435 3462 503 3536 dab
522 3478 585 3536 τοῦ
602 3462 755 3557 ἥδεσθαι,
775 3462 793 3537 ὃ
814 3475 964 3559 σημαίνει
981 3466 1022 3538 τὸ
1042 3472 1237 3557 τέρπεσθαι,

63 3575 190 3661 γέγονε.
218 3578 275 3642 καὶ
303 3567 417 3662 ὥσπερ
445 3568 514 3645 ἀπὸ
542 3584 606 3643 τοῦ
629 3574 789 3644 ἕλκεσθαι
813 3577 945 3663 ἐγένετο
969 3576 1067 3655 ἕλκος
1089 3582 1159 3642 κτλ.
1198 3577 1235 3642 cf.

156 3825 178 3893 ι)
196 3826 239 3880 De
258 3831 339 3894 γαῑυς
356 3841 424 3880 voce
443 3824 486 3896 (fr.
500 3827 544 3891 98)
564 3826 688 3881 consulto
707 3826 851 3881 tacuimus.
879 3826 1007 3882 Nondum
1020 3824 1093 3880 enim
1113 3840 1236 3894 comper-

65 3918 125 3969 tum
146 3918 201 3980 est,
221 3913 405 3983 fragmentum
424 3922 508 3985 μαῖον
526 3931 588 3970 oum
607 3916 691 3970 schol.
706 3916 742 3970 ad
760 3917 841 3970 Iosua
859 3915 966 3972 VIII.8
984 3930 1029 3984 ap.
1043 3913 1168 3969 Schmidt
1186 3914 1236 3984 Qu.

64 4004 100 4058 Η.
114 4021 141 4073 p.
155 4005 190 4059 88
209 4005 423 4072 comparandum
442 4005 481 4058 sit
498 4019 594 4059 necne.
615 4003 697 4059 1111.
711 4005 753 4059 98.
766 4008 823 4058 not.
837 4005 862 4058 1.

157 4091 279 4159 1)(11111
302 4092 467 4162 fragmentis
490 4094 526 4148 ab
546 4091 579 4148 d.
600 4096 634 4147 de
653 4093 757 4148 Velsen
781 4091 898 4146 conlatis
922 4093 975 4148 duo
994 4092 1097 4148 addere
1116 4107 1235 4161 possum.

64 4180 145 4235 Eust.
164 4197 191 4250 p.
212 4181 290 4244 1214,
309 4182 343 4236 41
362 4181 408 4249 (cf.
427 4181 461 4235 fr.
481 4182 536 4252 20),
556 4180 626 4235 Mill.
648 4181 713 4235 Mel.
732 4197 759 4250 p.
779 4182 823 4248 43,
843 4182 867 4236 1.

157 4268 178 4338 ³)
196 4269 266 4325 Nat.
280 4270 298 4324 l.
312 4270 330 4326 1.
344 4269 416 4326 falso
435 4271 470 4326 ad
490 4265 579 4340 δόχμη
599 4274 742 4340 provocat:
772 4262 871 4342 ἕτερος
889 4267 920 4325 δέ
938 4288 981 4335 τις
999 4270 1174 4327 Herodianus
1194 4275 1237 4326 cst

65 4355 101 4411 of.
114 4355 150 4411 fr.
164 4358 224 4412 136.
