3000 5040
834 262 898 328 208

362 419 435 484 301.
468 416 641 486 Eueteth.
660 443 690 503 p.
709 421 789 501 228,
813 421 865 487 38.
899 419 1037 497 Αἴλιος
1063 424 1161 502 γοῦν
1188 408 1397 494 Διονύσιος
1421 436 1437 482 0

266 516 606 610 Ἁλικαρνασσεὺς,
643 525 684 591 ἐν
717 522 776 604 οἷς
806 526 949 614 γράφει
980 517 1080 611 πρὸς
1110 519 1315 609 Σκύμνον,
1352 524 1436 610 φησὶ·

273 626 383 717 ἄγριοι
398 632 604 717 στρουθοὶ’
624 629 658 697 αἱ
673 629 1009 720 στρουθοκάμηλοιῑ).
1034 633 1136 719 δῆλον
1152 631 1188 697 δὲ
1203 622 1257 698 ὅτι
1276 630 1334 695 καὶ
1350 631 1439 710 Διβυ-

273 740 330 803 καὶ
354 740 516 823 στρουθοὶ
541 736 575 802 αἱ
598 730 696 804 αὐτοὶ
713 739 876 825 λέγονται.
899 731 953 806 ὅτι
973 739 1009 806 d'e
1028 730 1097 805 άπὸ
1115 745 1175 826 τῆς
1198 741 1375 823 στρουθοῦ
1391 736 1440 800 καὶ

247 846 487 930 σστρουθίζειν
508 836 549 910 τὸ
573 843 716 923 ἐντελῶς
738 871 813 924 πιος
836 840 940 936 ᾄδειν,
964 847 1063 934 δηλοῖ
1083 838 1102 911 ὁ
1126 839 1284 930 κωμικός.

362 952 436 1017 302.
469 951 639 1018 Eusieth.
658 975 689 1036 p.
710 954 862 1030 959,42.
894 945 935 1019 τὸ
965 952 1002 1019 δὲ
1030 951 1141 1039 σῶςῙ)
1173 941 1325 1038 εὕρηταί,
1358 965 1442 1033 φασι,

273 1059 331 1123 καὶ
352 1062 519 1144 θηλυκῶς.
537 1050 774 1147 Ἀριστοφάνης
797 1059 849 1145 (fr.
868 1060 943 1125 658.
961 1058 1066 1145 Koek)

434 1154 524 1231 οὕτω
547 1157 631 1250 παρ’
654 1157 732 1252 ἡμῖν
755 1158 775 1252 ἦ
798 1161 898 1245 πόλις
920 1162 1063 1252 μάλιστα
1086 1169 1153 1242 σῶς
1176 1155 1219 1230 άν
1242 1161 1302 1250 εἴη.

273 1272 336 1339 καὶ,
355 1271 437 1358 σᾶ1)
459 1263 502 1336 τὰ
527 1277 597 1337 σῶα
621 1269 655 1337 οἱ
676 1273 829 1354 παλαιοὶ,
857 1265 942 1360 παρ’
965 1267 1015 1350 οἷς
1037 1272 1094 1338 καὶ
1117 1277 1160 1337 σά
1181 1263 1203 1357 ἡ
1226 1264 1308 1336 σῶα.
1352 1259 1443 1354 Εὐρι-

235 1397 261 1437 ιο
274 1379 374 1465 πίδης
398 1376 434 1443 ἐν
454 1369 618 1462 Ὑψιπύλη
642 1378 695 1464 (fr.
715 1379 788 1444 762.
807 1379 941 1466 Nauck.)

436 1478 567 1571 εὔφημα
591 1485 644 1570 (N.
664 1479 803 1575 εὔσημα)
826 1487 884 1551 καὶ
907 1491 948 1552 σᾶ
972 1487 1028 1551 καὶ
1046 1483 1359 1570 κατεσφραγισμένα

270 1585 506 1677 Ἀριστοφάνης
529 1591 581 1677 (fr.
601 1592 674 1658 631.
694 1592 807 1679 Koek.)

434 1690 454 1784 ἡ
477 1703 564 1782 μᾶζα
586 1689 649 1784 γὰρ
673 1706 715 1764 σά
738 1690 860 1765 καὶτὰ
883 1698 965 1786 κρέα
986 1691 1036 1784 χὼ
1059 1694 1205 1784 κάραβος

276 1803 414 1882 Αἴλιος
442 1804 483 1869 δὲ
510 1801 720 1883 Διονύσιος
748 1801 856 1871 εἰπάν
882 1827 960 1872 τινα
987 1807 1045 1872 καὶ
1072 1797 1173 1882 αὐτὸς
1199 1811 1342 1870 τοιαῦτα
1365 1802 1448 1888 λέγει

236 1927 263 1969 1⁵
277 1903 330 1977 ὅτι
353 1912 409 1976 καὶ
433 1917 517 1976 σῶοι
541 1923 602 1977 σοι.
626 1913 684 1977 καὶ
708 1913 798 1999 0061)
822 1911 868 1994 δέ,
891 1929 999 2001 φησι,
1025 1907 1289 1997 μονοσυλλάβως
1312 1907 1346 1977 οἱ
1370 1916 1448 1976 σῶοι

276 2009 367 2103 παρὰ
393 2019 592 2102 θουκυάὶδγγ.

851 2237 881 2297 Τ.

367 2392 440 2457 303.
472 2392 645 2458 Eustath.
663 2415 694 2476 p.
717 2393 812 2470 1423,
830 2392 860 2459 9.
891 2385 1040 2480 ἦλάσκει,
1063 2382 1082 2458 ὃ
1107 2387 1279 2480 ἓρμηνεύει
1300 2384 1449 2480 τὴντα-

279 2499 456 2585 λασίανῑ)
488 2499 545 2565 καὶ
571 2490 611 2564 τὸ
638 2494 800 2564 ταλάσιον
832 2490 918 2564 κατὰ
945 2491 1008 2565 τὸν
1036 2495 1176 2565 εἰπόντα
1203 2500 1450 2580 Παυσανίαν,

279 2597 332 2672 ὅτι
354 2601 559 2692 ταλάσιαῖ)
581 2596 623 2670 τά
648 2596 839 2691 ἐριουργικά
862 2606 920 2671 καὶ
941 2605 1147 2692 ταλασία1)
1170 2597 1192 2692 ἡ
1216 2603 1394 2691 ἐριουργὶα.

279 2779 508 2850 ἀπεσκστωμὲνα
530 2782 605 2837 idem
628 2783 728 2837 docent
745 2782 820 2838 Suid.
840 2783 907 2838 Hes.
926 2813 959 2822 -
979 2783 1052 2837 Miue
1076 2797 1143 2838 eane
1165 2781 1284 2850 eccidit,
1310 2783 1384 2852 quod
1401 2783 1451 2838 sub

280 2873 376 2927 eodem
399 2873 529 2926 lemmate
552 2887 597 2940 ep.
621 2872 696 2928 Suid.
715 2874 746 2926 B.
766 2875 799 2926 A.
819 2872 885 2938 431,
904 2872 939 2927 26
966 2871 1071 2940 legitur
1093 2866 1267 2943 ἄπόμακτρα
1291 2866 1448 2936 σκυτάλων,

279 2956 500 3029 άπεσκοτημένα
524 2955 780 3031 ἐσκιοτροφημένα.
810 2960 845 3017 cf.
869 2959 1011 3030 Aristoph.
1034 2959 1068 3014 fr.
1088 2961 1148 3016 712.
1168 2960 1255 3016 Keck.
1278 2961 1308 3032 (l.
1327 2957 1450 3017 άπεσκο-

279 3046 407 3116 συμένα·
427 3044 694 3120 ἐσκιαγραφημένα)
713 3066 783 3118 quae
802 3049 910 3119 glossae
929 3049 1117 3119 seiungeudee
1136 3053 1207 3104 sunt.

324 3139 384 3192 301.
405 3138 425 3204 1)
443 3135 577 3205 Dubium,
601 3153 636 3192 en
659 3139 690 3192 in
708 3138 798 3193 lexico
816 3139 877 3208 ipso
895 3137 989 3194 fuerit.
1017 3139 1073 3194 Vix
1096 3137 1186 3192 siuiiIe
1206 3138 1358 3208 quidquam
1375 3140 1450 3195 inve·

279 3227 363 3282 ueris.
392 3224 431 3281 01.
451 3226 516 3280 Hes.
536 3226 611 3280 Suid.
638 3228 722 3296 Apud
744 3230 792 3282 Ar.
812 3221 957 3300 στρουθός
978 3226 1082 3297 passim
1106 3226 1277 3295 nominetur,
1301 3229 1387 3285 etiem
1405 3228 1451 3284 Li·

280 3316 359 3386 byca,
379 3313 608 3369 01.Η101.αιιίισ.
628 3315 677 3370 IX.
697 3317 738 3372 15.

324 3404 386 3458 302.
405 3404 427 3468 1)
448 3403 526 3458 Haec
545 3403 637 3458 omnia
656 3405 793 3459 debentur
812 3405 952 3460 atticistis.
982 3405 1040 3469 σῶς
1063 3405 1174 3474 quidem
1193 3407 1237 3472 (-=
1256 3405 1346 3477 selva)
1363 3406 1451 3462 adhue

280 3491 418 3562 repperiri
437 3508 492 3546 uon
510 3491 608 3560 potuit.
628 3496 665 3546 σᾶ
678 3519 712 3537 =
726 3494 788 3547 σῶα
802 3497 831 3548 et
844 3489 906 3548 σώα
919 3497 1012 3548 eutem
1024 3493 1111 3548 fuisse
1130 3494 1211 3549 docet
1222 3494 1303 3550 Phoe
1316 3495 1353 3564 gl.
1367 3497 1392 3551 1.
1406 3495 1449 3549 σά.

371 3580 392 3651 ⁹)
412 3581 490 3635 Phot.
509 3581 545 3649 gl.
559 3583 584 3634 2.
603 3583 674 3636 haee
693 3582 808 3636 exhibet
827 3586 873 3636 σᾶ.
893 3577 928 3636 τά
948 3584 1010 3636 σῶα
1027 3579 1142 3653 λέγουσι
1159 3578 1382 3654 μονοσυλλάβοις
1393 3575 1450 3636 άπὸ

281 3673 332 3724 τοῦ
352 3674 415 3724 σῶα
433 3673 641 3740 συναιροῦντας.
670 3667 787 3725 καὶτὸν
811 3674 888 3726 σῶον
910 3673 960 3726 καὶ
979 3675 1039 3726 σῶν
1058 3673 1108 3726 καὶ
1126 3673 1197 3726 σῶοι
1216 3677 1267 3727 σοῖ
1280 3667 1361 3744 παρὰ
1382 3673 1450 3728 Θου-

281 3760 385 3828 κυδίδῃ.
415 3755 443 3813 οἱ
466 3757 496 3813 δὲ
516 3753 691 3830 δισυλλάβως
710 3762 792 3823 σῶοι,
817 3760 853 3816 ei.
877 3761 941 3816 0011.
961 3762 1062 3816 Muem.
1083 3761 1117 3816 X.
1136 3761 1179 3816 92.
1208 3759 1248 3816 01.
1272 3760 1450 3816 8011011001.

283 3848 360 3903 criti.
381 3850 468 3903 1113.
488 3848 554 3902 Hes.
574 3849 605 3902 B.
625 3849 657 3901 A.
677 3849 739 3916 σου,
758 3849 801 3903 20.

369 3936 391 4005 ³)
411 3937 493 3992 Oonv.
517 3938 595 3991 Phot.
620 3935 694 3991 Suid.
714 3937 758 3990 Et.
778 3939 817 3992 M.
837 3938 901 4005 742,
922 3939 945 3993 1.
968 3938 1013 3993 Et.
1034 3938 1104 3993 Gud.
1118 3939 1183 4006 586,
1203 3939 1245 3992 12.
1269 3937 1310 3993 ef.
1330 3937 1450 4007 Gieeing.

280 4042 308 4094 p.
327 4026 421 4094 14.sq.
442 4026 526 4081 Oohu.
545 4026 660 4081 Jahrbb.
680 4026 756 4080 XIII.
778 4028 838 4082 809.

325 4115 386 4169 303.
405 4116 426 4182 1)
446 4114 486 4169 01.
505 4131 532 4184 p.
551 4116 634 4181 1393,
653 4115 697 4169 46.
717 4119 746 4169 et
764 4115 829 4182 962,
849 4116 896 4183 53,
915 4117 989 4171 unde
1008 4117 1095 4171 addas
1114 4118 1163 4171 καὶ
1181 4118 1451 4188 ταλασιουργεῖν

283 4198 330 4256 ἐπὶ
348 4207 493 4272 γυναικῶν
510 4199 543 4258 τὸ
564 4200 698 4272 ἐμμένειν
719 4197 813 4274 ἔργοις
830 4206 879 4259 καὶ
898 4205 1026 4280 ταλασίᾳ.

371 4291 391 4357 1)
410 4293 492 4348 Oonv.
511 4293 590 4348 Phot.
610 4293 685 4347 Suid.
703 4293 771 4348 Lex.
791 4295 904 4349 Bachm.
924 4294 989 4359 381,
1010 4294 1051 4348 10.
1071 4295 1161 4350 Schol.
1180 4294 1251 4349 Plai.
1270 4295 1338 4364 Leg.
1361 4293 1449 4350 805A.

282 4378 317 4434 01.
329 4379 403 4436 Gies.
413 4398 441 4450 p.
451 4383 503 4448 28,
515 4381 548 4436 ef.
560 4382 625 4438 Hes.
637 4382 705 4436 Tim.
718 4399 738 4438 s.
750 4400 773 4437 v.
784 4383 995 4454 ταλασιουργλα.
1009 4383 1076 4437 Ρο11.
1086 4384 1147 4440 VII.
1158 4385 1200 4439 29.
1217 4381 1257 4438 01.
1270 4382 1304 4437 ir.
1315 4383 1375 4440 304.
1386 4383 1450 4438 Lex.
