3000 5040
654 268 695 332 75

85 418 255 512 κιχλιομός
276 449 307 511 p.
326 426 407 504 535,
430 427 459 492 3.
483 427 521 492 ο1.
540 426 578 492 fr.
600 429 685 505 108,
709 428 840 492 κλιοίον
862 449 892 510 Ι).
911 427 991 504 536,
1014 428 1035 492 3
1058 427 1097 493 ο1.
1116 427 1153 491 fr.
1173 427 1256 502 231,

85 530 222 619 κράοτις
244 557 274 618 p.
294 534 373 610 537,
396 534 447 597 24.
472 534 510 599 ο1.
530 534 568 600 fr.
595 537 680 610 111.,
707 545 822 618 κρεῖον
847 556 877 617 p.
901 534 981 610 538,
1007 537 1034 598 1.
1058 533 1096 598 ο1.
1120 533 1157 598 fr.
1182 533 1255 597 237.

86 640 220 726 (Paua),
248 641 407 724 κρίβανος
434 663 462 724 p.
487 641 565 716 538,
586 641 637 703 21.
656 639 694 704 ο1.
713 640 750 704 fr.
772 641 859 715 238,
886 635 1030 723 κροοσός
1052 662 1082 723 p.
1106 640 1185 714 539,
1207 640 1256 705 10.

86 745 125 812 ο1.
144 746 183 811 fr.
203 746 276 811 240Ι
287 746 323 832 ¹),
345 769 374 830 p.
394 746 469 823 539,
489 746 531 811 20
554 748 668 823 κτίλος
690 746 728 811 ο1.
749 746 785 811 fr.
805 746 879 809 241.
903 746 1034 831 (Paua),
1056 769 1087 829 p.
1107 745 1187 822 551,
1205 746 1257 810 28.
1363 787 1367 794 -

85 848 225 936 μόλιβος
247 852 285 918 of.
304 851 342 918 fr.
362 852 445 928 258,
469 853 609 934 §rotgero
632 875 661 935 p.
680 852 755 928 557,
777 853 826 916 18.
846 851 884 916 ο1.
903 851 940 917 fr.
961 852 1046 928 264,
1069 845 1111 916 da
1133 875 1163 934 p.
1182 850 1257 925 557,

87 960 129 1023 27
155 959 192 1024 of.
216 959 253 1023 fr.
276 959 365 1034 266,
389 953 492 1024 οἶσθα
516 981 545 1041 p.
564 958 643 1034 559,
664 960 705 1024 13
729 959 767 1023 ο1.
786 959 824 1023 fr.
843 959 917 1023 267.
928 961 968 1044 ²),
990 954 1107 1035 πολιός
1129 981 1158 1041 p.
1182 958 1257 1033 566,

91 1065 140 1128 17.
154 1065 192 1130 cf.
207 1065 244 1129 fr.
264 1065 338 1128 278.
357 1064 411 1147 (cf.
428 1086 458 1146 p.
477 1064 553 1139 568,
575 1066 638 1149 15),
656 1058 858 1148 προῧνεικος
876 1088 906 1147 p.
925 1064 1000 1142 574,
1019 1067 1038 1128 9
1059 1063 1096 1129 ο1.
1116 1064 1153 1128 fr.
1173 1064 1256 1139 284,

88 1165 265 1254 οαρδόνιος
286 1169 392 1253 γέλως
413 1192 444 1252 p.
467 1168 547 1245 579,
574 1172 600 1234 1.
624 1170 826 1247 ο1.1).427.,
848 1167 982 1255 τάριχος
1004 1194 1034 1254 Ι).
1054 1170 1133 1246 587,
1152 1170 1193 1233 27
1219 1169 1256 1233 ο1.

88 1275 125 1340 fr.
142 1276 225 1352 217,
243 1281 308 1341 not.
329 1276 381 1340 29.
390 1278 428 1362 ³),
447 1272 585 1353 τάπιδες
602 1298 632 1359 Ι).
652 1276 727 1353 587,
745 1279 797 1342 20.
816 1276 855 1341 ο1.
874 1277 911 1343 fr.
931 1278 1015 1353 304,
1033 1277 1162 1361 ταρροί,
1181 1298 1256 1360 τοιο-

87 1377 164 1467 σιὴν
183 1403 213 1465 p.
227 1381 302 1459 587,
321 1383 364 1447 32
383 1383 421 1447 ο1.
440 1383 479 1448 fr.
498 1382 582 1459 305,
601 1384 837 1468 τηθαλλαδοῦς
853 1406 882 1466 Ι).
902 1383 977 1459 390,
999 1384 1048 1447 16.
1067 1381 1105 1447 ο1.
1125 1383 1163 1446 fr.
1183 1382 1256 1447 309.

85 1483 196 1572 χειλός
216 1510 246 1570 Ι).
265 1488 344 1565 615,
369 1489 420 1553 16.
438 1489 476 1554 cf.
496 1489 533 1553 fr.
553 1489 642 1565 323,
664 1481 811 1572 occardo
833 1512 862 1573 p.
886 1489 965 1564 607,
985 1489 1035 1553 24.
1059 1488 1096 1554 ο1.
1116 1487 1154 1552 fr.
1174 1487 1257 1561 335,

86 1594 183 1676 cotom
204 1617 234 1679 Ι).
254 1594 329 1671 608,
348 1593 390 1658 23
414 1593 452 1660 of.
471 1593 508 1659 fr.
527 1595 601 1660 449.

84 1739 95 1754 ·
178 1699 265 1778 Quae
283 1699 462 1784 fragmenta
479 1701 629 1766 Lentzius
648 1722 687 1765 ex
704 1701 885 1766 coniectura
902 1699 1084 1765 Herodiano
1106 1698 1257 1774 restituit,

85 1806 225 1890 plurima
251 1808 338 1890 apud
363 1807 605 1890 lexicographos
632 1808 781 1882 redeunt,
812 1808 868 1889 qui
896 1807 1012 1870 iterum
1044 1826 1083 1870 ex
1109 1804 1258 1870 atticistis

85 1912 269 1978 hauserunt.
302 1913 395 1978 Unde
418 1914 621 1997 perspicuum
642 1911 689 1989 fit,
711 1911 825 1988 fontes,
847 1933 925 1995 quos
949 1917 981 1976 et
1004 1911 1203 1996 grammatici
1225 1916 1258 1974 et

85 2019 247 2084 atticistae
270 2019 427 2095 adierunt,
450 2019 579 2084 eosdem
601 2019 707 2084 fuisse.

178 2123 306 2192 Ceteras
328 2125 448 2209 glossas
471 2127 693 2209 grammaticas
713 2126 883 2190 mittemus.
924 2122 1061 2189 Difficile
1084 2128 1133 2189 est
1155 2124 1188 2186 in
1212 2123 1257 2187 la·

86 2231 180 2296 ciniis
206 2232 359 2308 iudicare,
387 2252 482 2314 quem
509 2237 654 2297 auctores
682 2232 781 2296 secuti
809 2231 887 2306 sint,
915 2252 985 2295 cum
1013 2232 1053 2297 de
1079 2228 1258 2314 systematis

85 2342 230 2402 veterum
244 2343 277 2402 et
290 2339 330 2403 de
345 2343 550 2423 systematum
568 2338 787 2404 defensoribus
805 2359 918 2421 parum
936 2343 1024 2402 certa
1041 2341 1195 2402 constent.
1220 2334 1257 2399 Id

85 2464 163 2509 vero
177 2442 309 2509 dubium
323 2465 389 2510 esse
403 2466 467 2510 non
481 2449 595 2529 potest,
609 2445 799 2510 atticistis
813 2466 884 2510 oum
897 2444 1157 2528 grammaticis
1171 2462 1256 2507 com·

85 2550 210 2634 paratis
237 2550 338 2635 (quod
369 2551 430 2616 hoc
455 2556 599 2634 tempore
629 2551 771 2616 nondum
802 2551 844 2615 ad
872 2555 993 2615 certum
1019 2547 1115 2613 finem
1143 2548 1258 2612 deduci

85 2656 209 2742 potest)
227 2677 292 2722 non
310 2656 410 2722 solum
429 2657 598 2734 doctrinas,
621 2678 703 2740 quae
721 2662 874 2722 vocantur
896 2654 1178 2740 lexicographioae,
1201 2654 1257 2719 sed

86 2763 186 2828 etiam
209 2765 430 2845 grammaticas
452 2765 537 2828 ultra
556 2764 693 2849 Augusti
715 2769 861 2846 tempora
879 2763 1073 2828 reducendos
1093 2781 1171 2837 esse,
1192 2759 1211 2828 i.
1231 2781 1257 2824 e.

86 2869 129 2933 ad
153 2869 331 2935 doctrinam
351 2869 638 2937 Aderandrinorum
662 2869 825 2935 infinitam.

639 3120 712 3202 §b

178 3279 226 3345 De
253 3280 367 3346 ceteris
394 3279 605 3346 atticistarum
632 3281 774 3346 fontibus
796 3301 860 3346 non
883 3280 1017 3364 amplius
1041 3278 1259 3344 disserendum

88 3386 160 3451 orit.
193 3386 241 3451 De
260 3386 372 3470 glossis
389 3387 711 3471 paroemiographicis
729 3387 913 3465 tacebimus,
931 3408 1002 3451 cum
1019 3387 1083 3451 iam
1101 3384 1259 3467 Hotopius

88 3492 122 3556 in
145 3491 234 3556 Neue
257 3491 390 3558 Jahrbb.
414 3491 520 3576 Suppl.
544 3493 627 3558 XVI.
650 3514 718 3559 rem
743 3494 789 3558 sio
811 3493 999 3569 instituerit,
1025 3498 1062 3556 ut
1089 3512 1139 3556 me
1161 3511 1257 3574 argu-

88 3603 197 3663 menta
214 3597 300 3664 illius
318 3599 413 3682 plana
431 3600 522 3682 sequi
544 3598 654 3665 fatear.
686 3599 846 3684 Imprimis
868 3600 903 3663 in
926 3621 964 3664 ea
985 3619 1111 3664 recum
1133 3596 1188 3660 illo
1211 3594 1258 3658 1-

89 3703 237 3770 ciendum
255 3709 303 3769 est
322 3705 356 3790 (L
375 3705 395 3768 l.
413 3727 443 3788 p.
459 3705 557 3791 274),
576 3706 779 3771 Eustathium
797 3707 883 3789 ipsos
901 3706 1024 3770 codices
1042 3703 1185 3786 volgatos
1203 3707 1259 3766 aut

180 3935 199 3999 ¹)
217 3933 293 4002 Lege
312 3929 445 4006 κροσσός
462 3936 536 3990 unde
555 3937 743 3992 emendandus
762 3935 864 3990 Herod.
879 3934 1013 4004 apEust.
1028 3935 1163 4000 1746,Βο

180 4023 200 4087 ¹)
219 4021 254 4077 of.
269 4026 325 4078 not.
339 4024 382 4078 ad.
396 4024 414 4078 l.
428 4025 446 4078 l.

179 4109 201 4178 ³)
219 4110 298 4166 Unde
317 4112 438 4182 suspicio
456 4112 544 4168 oritur
562 4113 703 4169 uberrima
715 4118 744 4167 et
757 4111 917 4168 doctissim
934 4113 992 4178 illa,
1012 4127 1083 4181 quae
1101 4112 1163 4166 Acl.
1176 4111 1256 4166 Dion.

89 4201 125 4254 de
148 4199 297 4269 generibus
320 4201 555 4258 substantivorum
580 4203 720 4272 exposuit,
744 4217 806 4256 oum
830 4197 945 4272 τάριχος
963 4217 1007 4271 ap.
1021 4201 1153 4256 Choerob.
1167 4201 1259 4266 265‚8

89 4304 125 4343 cx
144 4288 305 4344 Herodiano
323 4289 448 4358 fluxerit,
472 4293 565 4347 omnia
588 4307 624 4346 ox
642 4291 801 4346 Herodiano
824 4291 870 4347 vel
888 4306 923 4347 ex
941 4289 1018 4347 fonte
1037 4306 1099 4346 cum
1117 4289 1166 4345 illo
1185 4305 1257 4346 com·

87 4378 166 4431 muni
184 4377 311 4434 derivata
329 4394 398 4435 esse.
