3000 5040
839 230 882 294 66

274 387 348 453 Hes.
371 411 401 471 p.
429 387 649 453 LXI—LXIX
676 390 801 466 Ranlre,
829 391 869 454 de
896 410 971 454 uera
998 389 1017 454 l.
1041 388 1080 453 H.
1104 387 1227 471 origine
1250 392 1285 453 et
1308 384 1448 472 genuina

274 495 377 560 forma
403 517 432 578 p.
459 496 648 582 120-129)
676 498 875 579 percurrenti
902 496 980 560 mihi
1003 495 1081 561 haec
1104 494 1230 561 obviam
1252 494 1342 560 facta
1366 500 1447 571 suut,

273 623 354 683 quae
383 623 454 666 cum
481 603 693 668 atticistarum
721 605 838 669 notulis
867 604 1054 686 conspirent.
1083 600 1120 666 fr.
1144 601 1201 666 Ill.
1226 599 1387 686 ἐδέατρος
1409 599 1446 665 cf.

273 709 341 773 Ael.
364 708 455 774 Dion.
475 708 513 774 fr.
535 709 615 785 147.
643 709 679 774 fr.
703 711 805 775 XVII.
829 705 970 786 κότυλος
999 709 1036 774 cf.
1060 709 1194 774 Pausan.
1217 707 1363 785 fr.143.,
1386 708 1445 772 lex.

272 814 353 879 rhet.
377 813 414 879 fr.
437 815 525 892 404,
548 815 585 880 fr.
610 817 723 882 XXXI.
747 813 890 902 πρόκνις
918 816 956 881 of.
980 816 1039 880 lem
1058 815 1138 882 rhet.
1158 813 1196 880 fr.
1214 814 1290 878 424.
1325 813 1390 879 Sed
1413 815 1445 876 in

272 920 450 1004 fragmenta
473 923 599 1006 singula
621 943 704 987 nunc
727 924 949 1005 inquirendum
973 927 1030 987 est.

361 1028 443 1094 Ath.
464 1028 517 1094 IV.
539 1029 647 1094 171B.
672 1028 871 1114 εἰλέατροι
891 1029 927 1093 δὲ
946 1032 1142 1107 καλοῦνται,
1165 1016 1212 1106 τάς
1235 1042 1318 1114 φησι
1337 1028 1390 1106 Π,
1413 1023 1443 1090 οἱ

273 1133 329 1199 ἐπὶ
351 1126 413 1222 την
436 1127 611 1221 βασιλικὴν
634 1140 817 1211 καλοῦντες
840 1131 1019 1220 τράπεζαν,
1041 1125 1133 1218 παρά
1156 1125 1219 1198 τὸν
1243 1124 1350 1199 ἐλεὸν.
1377 1126 1441 1217 Άρ-

271 1243 454 1327 τεμίδιορος
483 1235 516 1308 δ’
544 1234 668 1319 αύτούς
696 1238 980 1327 δειπνοκλήτορας
1013 1233 1179 1324 ὀνομάζει.
1222 1234 1370 1305 ἐκάλουν
1398 1237 1442 1318 δέ,

272 1366 362 1435 φησι,
384 1351 442 1413 καὶ
459 1341 538 1425 τοὺς
555 1344 762 1433 προγεύστας
786 1344 973 1432 ἐδεάτρους,
997 1337 1049 1413 ὅτι
1072 1342 1266 1432 προήσθιον
1288 1353 1362 1410 τῶν
1383 1348 1440 1425 βα-

272 1455 392 1520 σιλέων
420 1447 505 1540 πρὸς
528 1448 721 1536 άσφάλειαν.
755 1460 819 1518 νῦν
843 1454 878 1519 δέ
903 1449 922 1518 δ
946 1452 1102 1538 ἐδέατρος
1124 1447 1305 1538 ἐπιστάτης
1326 1450 1440 1537 γέγονε

271 1568 329 1644 τῆς
353 1552 432 1646 ὅλης
456 1562 635 1636 διακονίας.
659 1549 701 1645 ἦν
725 1552 758 1624 δ>
783 1551 947 1645 ἐπιφανὴς
969 1561 1026 1623 καὶ
1049 1555 1181 1642 ἐντιμος
1202 1551 1223 1643 ἡ
1244 1558 1350 1642 χρεία.

360 1667 462 1732 Eust.
478 1689 507 1750 p.
524 1667 618 1742 1403,
632 1667 684 1730 40.
704 1666 786 1751 (Ael.
801 1667 891 1730 Dion.
909 1665 946 1729 fr.
968 1667 1046 1750 147)
1062 1664 1249 1749 ἐδέατρος
1268 1702 1312 1712 -
1325 1654 1367 1729 τὸ
1381 1661 1440 1748 μὲν

273 1765 379 1856 ὄνομα
399 1764 605 1857 Ἑλληνικὸν,
631 1764 651 1858 ἦ
675 1771 711 1836 δέ
732 1773 825 1856 χρεία
848 1762 1005 1857 Περσικὴ.
1038 1759 1080 1856 ἦν
1104 1769 1153 1851 δέ,
1177 1786 1272 1855 φησι,
1301 1764 1438 1855 προγεύ-

274 1894 350 1962 στης
364 1884 426 1942 τοτ’
439 1878 601 1957 βασιλέως
616 1877 661 1954 είς
676 1870 872 1960 άσφάλειαν,
891 1869 1033 1962 ὕστερον
1048 1868 1082 1941 δ’
1097 1876 1261 1962 ἐνομίσθη
1281 1874 1439 1962 ἐδέατρον

272 1987 387 2048 καλεῖν
401 1975 463 2049 τὸν
478 1979 659 2069 ἐπιστάτην
678 1988 736 2070 τῆς
755 1975 833 2070 ὅλης
852 1984 1024 2060 διακονίας
1042 1983 1098 2047 καὶ
1115 1988 1340 2068 παρασκευῆς.
1374 1979 1439 2046 Ael.

273 2090 441 2172 Dionysius
468 2090 567 2172 igitur
593 2091 697 2154 locum
724 2090 956 2174 Pamphileum,
985 2089 1036 2154 cui
1064 2089 1306 2172 explicationem
1333 2087 1438 2171 paullo

272 2199 397 2260 tantum
415 2197 572 2261 diversam
591 2196 777 2272 subiecerat,
795 2218 859 2261 una
877 2218 946 2261 eum
961 2191 1073 2282 χρήσει
1086 2194 1282 2260 Artemidori
1300 2191 1344 2280 (ei
1361 2192 1440 2279 φησὶ

272 2301 429 2367 Athenaei
451 2309 538 2368 recte
561 2303 602 2368 ad
620 2303 708 2368 illum
726 2302 907 2389 revocatur)
932 2324 1022 2366 suum
1045 2303 1079 2366 in
1102 2321 1180 2384 opus
1203 2300 1379 2366 transtulit.
1398 2337 1440 2349 -

362 2410 451 2475 Alter
473 2411 561 2474 loeus
581 2410 782 2494 Pamphileua
801 2416 849 2475 est
869 2409 942 2474 Ath.
961 2409 1016 2473 Xl.
1035 2408 1144 2474 479A.
1166 2413 1237 2472 πᾶν
1257 2405 1293 2471 δέ
1311 2397 1353 2471 τὸ
1372 2418 1440 2472 κοῖ-

272 2521 334 2581 λον
357 2513 541 2602 κοτύλην,
570 2518 671 2602 φησὶν
695 2517 750 2601 (sc.
776 2507 794 2580 ὃ
817 2508 1083 2600 Ἀπολλόδωρος)
1093 2514 1121 2599 1)
1150 2508 1295 2578 ἐκάλουν
1324 2509 1358 2576 οἱ
1380 2535 1441 2577 πα-

271 2624 375 2701 λαιοὶ,
403 2615 449 2699 ὡς
475 2624 532 2686 καὶ
554 2614 594 2686 τὸ
619 2629 689 2687 τῶν
709 2628 832 2706 χειρῶν
860 2626 977 2686 κοῖλον
1001 2659 1042 2667 -
1066 2620 1123 2684 καὶ
1147 2614 1308 2704 ἐγκοτύλη
1333 2618 1372 2684 δέ
1392 2641 1441 2694 τις

271 2721 389 2794 παιδιά
412 2733 571 2807 καλεῖται,
595 2726 632 2792 ἐν
650 2717 670 2811 ᾗ
689 2725 909 2804 κοιλάναντες
931 2719 990 2803 τὰς
1006 2739 1117 2812 χεῖρας
1141 2724 1294 2809 δέχονται
1317 2717 1360 2790 τὰ
1383 2720 1440 2810 γό-

272 2858 356 2901 νατα
383 2843 454 2900 τῶν
482 2831 713 2921 νενικηκότων
736 2836 793 2899 καὶ
815 2830 1037 2916 βαστάζουσιν
1061 2821 1192 2909 αύτούς.
1239 2827 1440 2916 Διόδωρος

273 2934 306 3006 δ’
325 2940 366 3006 ἐν
386 2939 580 3017 ίταλικοϊς
597 2936 793 3024 γλώσσαις
811 2943 877 3006 καὶ
891 2934 1127 3025 Ἡρακλέων,
1151 2929 1201 3015 σάς
1219 2953 1315 3023 φησι
1333 2932 1439 3022 Πάμ-

272 3052 401 3128 φιλος,
427 3041 489 3133 τὴν
516 3043 662 3132 κοτύλην
690 3052 868 3112 καλεῖσθαι
896 3049 953 3112 καὶ
980 3040 1139 3134 ἡμίναν,
1166 3043 1439 3130 παρατιθέμενος

271 3145 482 3238 Ἐπιχάρμου·
511 3153 563 3238 (cf.
584 3153 693 3236 Epioh.
713 3154 760 3219 ed.
780 3154 909 3220 Lorenz.
928 3176 957 3237 p.
977 3153 1067 3240 290).

360 3260 417 3324 καὶ
439 3271 529 3324 πιεῖν
552 3250 644 3344 ύδοορ
670 3255 846 3325 διπλάσιον
868 3250 1007 3346 χλιαρὸν
1029 3251 1147 3345 ἡμίνας
1171 3252 1241 3323 δύο.

360 3366 475 3430 Totum
493 3366 648 3431 Athenaei
671 3367 774 3432 looum
792 3368 880 3432 Euat.
899 3367 1123 3452 compilaverat
1141 3387 1169 3448 p.
1191 3362 1287 3440 1282,
1305 3363 1360 3440 40,
1385 3362 1440 3430 sed
1477 3373 1484 3381 '

271 3473 325 3548 ita,
343 3478 379 3536 ut
398 3493 469 3537 eum
484 3473 664 3538 decurtaret
683 3479 715 3537 et
733 3474 870 3550 aliunde,
888 3494 969 3558 quae
984 3472 1046 3538 sibi
1060 3477 1136 3555 apta
1154 3491 1222 3536 esse
1240 3469 1440 3545 videbantur,

270 3581 432 3644 insereret.
464 3580 551 3645 Haeo
574 3581 656 3644 enim
679 3580 784 3645 adicit.
808 3602 838 3663 p.
862 3580 960 3657 1282,
983 3579 1036 3643 47.
1061 3577 1197 3662 φέρεται
1220 3577 1277 3640 καὶ
1299 3580 1441 3641 τοιαῦτα

270 3687 348 3770 περὶ
365 3681 508 3772 κοτύλης
527 3682 568 3750 ἐν
587 3708 667 3749 τινι
686 3691 765 3750 τῶν
782 3690 978 3750 παλαιῶν·
1003 3680 1141 3770 κοτύλη·
1165 3683 1298 3768 μέτρον.
1323 3683 1383 3748 καὶ
1400 3672 1440 3747 τὸ

270 3796 388 3857 κοῖλον
406 3799 464 3878 τῆς
479 3788 596 3878 χειρός.
619 3783 640 3878 ἦ
663 3791 723 3875 μὲν
748 3783 788 3877 δὴ
812 3787 973 3876 κοτύλη,
997 3792 1109 3876 φησὶν,
1129 3779 1335 3875 Ἑλληνικὸν,
1357 3779 1380 3874 ἡ
1404 3786 1440 3853 δὲ

270 3890 387 3984 ἡμίνα
411 3890 569 3983 ούδαμοῦ.
595 3895 664 3963 ἐστι
689 3891 722 3962 δ’
746 3886 807 3963 οὖν
831 3899 888 3962 καὶ
910 3889 994 3983 παρ’
1017 3885 1212 3982 Ἐπιχάρμῳ,
1236 3885 1273 3972 ὃς
1296 3895 1355 3960 καὶ
1378 3887 1440 3978 ὄγ-

361 4166 382 4232 1)
399 4166 489 4220 Locus
516 4166 678 4235 Apollodori
707 4165 843 4235 Cyrenaei
871 4179 906 4217 ex
933 4163 1079 4232 Pamphilo
1112 4164 1290 4248 depromptus
1318 4159 1439 4217 videtur.

270 4251 349 4306 Illius
373 4254 447 4308 enim
466 4271 551 4324 opera
568 4256 597 4308 P.
617 4255 645 4308 in
666 4271 744 4308 suum
764 4270 842 4307 usum
862 4258 1016 4308 vocaverat.
1036 4251 1070 4307 of.
1084 4253 1134 4305 XI.
1147 4269 1173 4321 p.
1188 4252 1240 4306 487
1247 4252 1278 4306 Β.
1298 4250 1437 4306 Schoene-

270 4357 392 4412 mannp.
406 4343 448 4396 84.
