3000 5040
722 234 767 300 50

247 397 355 462 Tertia
370 395 475 479 glossa
488 394 572 460 libro
585 418 620 460 π.
631 416 659 460 τ.
671 387 700 460 δ.
711 418 742 479 μ.
754 417 778 461 ε.
789 418 824 461 π.
835 393 1041 461 attribuenda
1054 399 1103 461 est
1117 395 1249 482 Frsgm
1258 395 1328 463 Par.

160 509 180 588 ξ
198 506 224 570 1.
241 494 311 569 Ὅτι
326 500 416 568 ἐστίν
429 493 614 589 Ἀθηναία
627 494 721 589 γυνὴ,
737 493 852 588 ὥσπερ
867 503 924 566 καί
936 492 1119 588 Ἀθηναῖος.
1139 503 1197 587 (cf.
1211 503 1328 571 Nauck

159 635 189 697 p.
206 612 279 676 213.
298 612 424 675 Fresen.
441 631 471 693 p.
491 609 555 694 15.)
583 611 751 675 Atticistac
770 615 877 674 autem
895 610 941 674 sic
959 609 1106 675 tradunt:
1128 609 1221 676 Euat.
1233 634 1266 697 p.
1280 612 1328 689 84,

163 720 212 784 17.
245 717 438 794 Παυσανίας
462 715 498 780 δὲ
521 717 577 780 καὶ
600 715 717 794 Αἴλιος
740 711 914 794 Διονύσιος
932 713 969 780 ἐν
991 726 1063 794 τοῖς
1085 714 1228 796 οίκείοις
1249 722 1327 800 λεξι-

160 837 232 902 κοῐς
263 841 377 907 φασιν,
410 814 462 889 ὅτι
492 825 718 911 Μεγακλείδης
749 822 861 889 αἰτίαν
893 824 974 910 φησί
1004 829 1067 889 τοῦ
1096 814 1142 912 μὴ
1170 824 1327 911 λέγεσθαι

155 924 331 1019 Ἀθηναίας
348 922 409 1008 τάς
427 922 573 1007 Ἀττικάς
590 942 759 1015 γυναῖκας,
782 928 837 995 iva
855 922 899 1017 μὴ
921 921 984 1017 τὴν
1002 923 1132 1016 ἄχυμον
1151 928 1188 997 αλ
1209 928 1326 1018 χαμοά

158 1063 255 1125 μεναι
269 1045 310 1124 τῇ
324 1039 531 1126 προσηγορίᾳ
550 1032 824 1122 καταισχύνωσιν.
849 1038 908 1124 (=
927 1036 1013 1104 Suid.
1026 1029 1207 1125 Ἀθηναίας
1224 1040 1267 1123 gi
1285 1039 1326 1126 2.)

160 1137 217 1214 ὅτε
246 1146 282 1213 δὲ
308 1139 453 1233 ἤρξαντο
482 1141 516 1209 αἱ
544 1137 656 1224 άσταί,
688 1137 763 1231 ἦτοι
792 1136 949 1226 Ἀττικαὶ,
979 1158 1135 1230 γυναῖκες
1156 1137 1326 1235 Ἀθηναίω

159 1253 331 1339 λέγεσθαι,
359 1249 436 1318 τότε
465 1243 505 1338 δὴ
534 1247 705 1338 ἐπενοήθη
732 1253 789 1316 καὶ
815 1243 878 1339 τὴν
906 1243 993 1318 θεὸν
1014 1251 1132 1340 μηκέτι
1149 1244 1326 1342 Ἀθηναίην

160 1365 337 1426 καλεῖσθαι
361 1350 445 1424 ἀλλὰ
468 1351 554 1423 κατά
575 1360 773 1443 συναίρεσιν.
797 1354 931 1445 ἕτεροι
950 1358 990 1424 δὲ
1008 1366 1089 1425 τῶν
1106 1361 1326 1448 παλαιῶνῑ)

161 1463 335 1551 συντόμως
363 1461 473 1531 εἷπον·
507 1457 690 1531 άνάττικον
707 1456 886 1551 Ἀθηναίαν
912 1477 1055 1551 γυναῖκα
1077 1465 1203 1533 εἰπεῖν·
1229 1459 1326 1546 άστάς

161 1574 196 1639 δὲ
219 1565 280 1649 τὰς
298 1564 444 1649 Ἀττικάς
466 1585 626 1657 γυναῖκας
650 1568 775 1656 ἔλεγον,
798 1564 845 1650 ὡς
867 1573 924 1637 καὶ
946 1563 1025 1650 τοὺς
1047 1565 1173 1660 ἄνδρας
1196 1566 1326 1652 άστοδς.

160 1681 208 1745 Ac
229 1682 364 1763 primum
383 1680 510 1762 quidem
528 1680 613 1743 inter
631 1679 713 1744 exile
731 1678 810 1743 illud
829 1679 1051 1764 Aristophanis
1068 1679 1181 1764 fragm.
1200 1688 1237 1747 et
1255 1684 1326 1749 doo-

159 1788 276 1852 trinam
304 1786 515 1851 atticistarum
543 1792 575 1851 et
602 1785 736 1850 aliorum
765 1785 983 1872 (Phryniehii)
1010 1807 1110 1852 nexus
1137 1789 1241 1854 statui
1267 1810 1328 1854 non

160 1914 251 1977 posse
274 1893 427 1957 videatur.
446 1930 488 1941 —
512 1892 558 1958 Ut
581 1894 622 1958 ad
645 1891 739 1958 finem
762 1894 919 1976 quendam
937 1894 1166 1977 perveniamus,
1187 1893 1327 1979 proficis·

161 2001 296 2065 cendum
319 2000 379 2063 erit
402 2020 422 2064 a
443 1999 549 2082 glossa
570 1998 688 2065 Suidae
711 2000 892 2065 doctissima
909 1991 1124 2086 Ἀθηναίας.
1158 1992 1178 2067 ὃ
1201 2005 1326 2088 Meyn-

160 2106 319 2191 κλείδης
345 2105 387 2170 ἐν
409 2117 493 2182 τοῖς
515 2107 606 2192 περὶ
624 2098 787 2192 Ὁμήρου
811 2144 853 2154 -
876 2103 1153 2191 καταισχύνουσιν.
1179 2109 1327 2192 (=Ae1.

160 2213 251 2278 Dion.
279 2212 370 2278 Paua.
397 2213 417 2278 l.
441 2213 486 2300 1.).
519 2205 596 2278 ἄλλ’
627 2212 703 2279 ίδοῦ
734 2209 943 2300 Φερεκράτης
971 2212 1008 2278 ἐν
1035 2215 1165 2299 Γραυσί
1194 2215 1248 2303 (ir.
1271 2217 1326 2302 34)

159 2337 261 2408 φησιν

241 2420 429 2515 Ἀθηναίοις
453 2418 567 2504 αὐτοῖς
589 2450 625 2492 τε
649 2429 801 2505 καὶτοῖς
824 2423 1004 2513 συμμάχοις

160 2537 217 2600 καὶ
240 2531 423 2620 Κάνθαρος
448 2537 550 2621 Θηρεῑ
571 2535 622 2621 (fr.
642 2536 671 2598 5.
695 2535 798 2620 Kock)

246 2635 380 2727 γυναῖκ’
398 2635 578 2729 Ἀθηναίαν
600 2637 708 2728 καλήν
730 2664 767 2706 τε
790 2633 946 2728 κάχαθὴν

160 2749 217 2812 καὶ
242 2745 402 2836 Φιλήμων
425 2749 599 2835 Πτερυχίῳ
623 2748 869 2837 (faenisecis)

248 2848 308 2932 τάς
326 2849 520 2933 Ἱππονίκοις
542 2851 643 2921 τάσδε
667 2856 724 2920 καὶ
747 2851 977 2942 Λυσιστράτοις

248 2963 305 3025 καὶ
328 2964 542 3044 Ναυσινίκας,
565 2953 625 3039 τάς
641 2953 816 3049 Ἀθηναίας
839 2962 935 3047 λε’γω.

162 3065 198 3134 οἱ
223 3069 243 3132 δ
249 3067 263 3131 ὲ
285 3059 328 3154 μὴ
353 3068 423 3133 δεῖν
442 3064 630 3151 φάσκοντες
646 3062 823 3155 Ἀθηναίας
846 3069 1003 3154 λέγεσθαι
1024 3060 1247 3151 τάςἈττικάς
1266 3065 1326 3160 τὴν

161 3166 356 3259 ὁμωνυμίαν
385 3174 572 3257 αἰτιῶνται,
601 3167 643 3262 ἣν
672 3175 882 3261 ἐπιδέχονται
908 3167 993 3262 πρὸς
1019 3168 1081 3263 τὴν
1108 3170 1206 3246 θεὸν.
1234 3173 1326 3268 Ἀθη-

160 3282 238 3345 ναία
256 3272 318 3366 γάρ
342 3283 399 3346 καὶ
420 3275 440 3368 ἡ
464 3275 546 3361 θεὸς
568 3289 724 3349 καλεῖται.
754 3274 831 3348 ἀλλ’
850 3275 925 3349 α’ντὶ
947 3289 1010 3348 τοῦ
1027 3275 1204 3371 Ἀθηναίας
1226 3279 1327 3364 αὐτάς

160 3405 254 3471 φασι
278 3380 424 3466 Ἀττικάς
450 3390 615 3474 λέγεσθαι.
657 3383 746 3478 πλὴν
777 3386 885 3477 πολλή
917 3413 954 3475 γε
984 3396 1097 3478 χρῆσις
1124 3399 1185 3481 τῆς
1210 3402 1327 3482 φωνῆς

158 3486 250 3580 παρά
277 3506 349 3572 τοῖς
376 3487 536 3582 άρχαίοις,
569 3489 615 3574 ὡς
647 3496 684 3563 οἵ
711 3521 748 3563 τε
779 3497 1016 3585 προειρημένοι
1042 3501 1179 3586 ποιηταὶ
1204 3525 1326 3589 μαρτυ-

158 3609 255 3688 ροῦσι
278 3604 335 3666 καὶ
353 3603 490 3685 Δίφιλος
513 3603 549 3668 ἓν
566 3596 752 3690 Ἀμαστρίδι
775 3606 828 3691 (ir.
850 3607 914 3692 10).
938 3607 995 3671 καὶ
1017 3599 1079 3692 γάρ
1102 3598 1247 3696 κοίτην
1269 3611 1326 3674 Θε-

248 3837 267 3899 ¹)
288 3835 390 3889 Nabar.
403 3834 476 3889 Prol.
488 3852 514 3904 p.
528 3837 570 3890 97.
599 3835 683 3890 Orum
703 3851 764 3890 esse
783 3840 924 3891 auctorem
943 3837 1024 3892 huius
1043 3837 1246 3895 observationis
1264 3854 1325 3895 oon·

157 3923 255 3978 tendit.
281 3923 356 3978 Cohn
374 3941 399 3992 p.
413 3925 474 3980 295.
492 3930 547 3979 not.
561 3925 604 3979 23.
629 3925 804 3979 Eustathium
828 3941 879 3980 sua
902 3942 937 3980 ex
955 3927 1050 3996 Steph.
1067 3929 1133 3998 Bya.
1152 3928 1326 3999 excerpsisse

159 4013 309 4067 contendit.
324 4044 357 4052 —
377 4014 445 4068 Utut
463 4018 514 4079 est,
534 4014 691 4082 opinionem
702 4014 853 4083 Phrynichi
866 4016 1012 4070 habemus:
1032 4017 1125 4085 Steph.
1139 4019 1205 4088 Byz.
1215 4014 1326 4086 Ἀθῆναι

159 4101 233 4154 enim
251 4101 350 4156 tradit:
371 4096 431 4157 ὅδὲ
447 4098 619 4173 Φρύνιχος
635 4099 787 4157 άνάττικόν
806 4120 893 4172 φησιν
912 4098 984 4159 εἶναι
1003 4101 1053 4174 τὴν
1073 4101 1171 4175 φωνὴν
1189 4107 1239 4160 κοιλ
1256 4108 1324 4160 θαυ-

158 4183 249 4256 μάζει,
269 4184 364 4254 πῶςὸ
388 4187 580 4264 Φερεκράτης,
601 4188 794 4256 ιίττικώτατος
808 4184 855 4256 ὢν,
867 4194 977 4264 χρῆται.
1007 4189 1095 4259 ἀστὰς
1114 4192 1145 4249 δὲ
1163 4189 1215 4259 τὰς
1232 4200 1325 4266 γυναῖ-

159 4295 211 4341 κας
235 4271 347 4348 ἔλεγον,
372 4275 406 4335 οδ
429 4277 474 4334 διὰ
497 4276 530 4335 τὸ
554 4277 592 4349 μὴ
613 4277 753 4335 δύνασθαι
772 4279 867 4351 λέγειν
886 4277 1044 4351 Ἀθηναίας,
1068 4279 1133 4338 ἀλλ’
1155 4279 1251 4352 ἐπειδη
1275 4284 1324 4337 καί

158 4363 225 4431 τοὺς
243 4359 347 4438 άνδρας
365 4363 469 4433 ἀστοὺς
488 4365 617 4424 ἐκάλουν.
648 4370 682 4425 cf.
696 4371 770 4426 Suid.
785 4387 805 4425 S.
819 4371 838 4426 f.
