3000 5040
750 190 814 258 232

195 348 324 439 άχρειος
352 348 528 437 σύγκειται.
570 342 680 438 πολλὴ
709 351 744 417 δὲ
772 352 830 417 καὶ
858 348 896 416 έν
923 343 1038 430 ἄλλοις
1059 376 1080 438 η
1104 346 1293 441 όοφόρησις,
1322 344 1364 430 ὡς

195 462 251 526 καί
278 453 298 547 ἡ
326 461 436 545 νείκη
460 460 557 546 όηίοῑ
581 460 639 524 καί
666 450 705 525 τό
733 469 844 536 νεῖκος
871 459 928 524 καί
954 450 975 546 ἡ
1000 459 1095 544 δίψα
1122 451 1243 528 καὶτὸ
1268 460 1362 544 δίψος

195 569 252 632 καί
279 558 299 654 ἡ
322 562 444 654 βλάβη
467 567 522 630 καί
546 557 587 632 τό
610 561 741 646 βλάβος.
767 562 816 632 ἔτι
840 565 876 632 δὲ
899 558 994 653 καίῆ
1016 567 1153 651 τρίβος
1176 567 1234 633 καὶ
1255 558 1276 634 ό
1299 568 1362 649 τρί-

194 679 263 755 βος,
287 664 333 751 ὥς
350 690 453 760 φησιν
476 664 682 760 Εὐριπίδης]

169 808 181 846 s
285 781 358 846 362.
391 781 527 845 Eustat
470 778 728 864 emptore,
750 780 799 845 18.
832 770 1112 905 εόρηταιχὰρέν
1133 785 1279 867 λεξικῷ
1296 804 1363 848 πα-

196 893 294 974 λαιῳ
322 886 537 974 ἐκφερομένη
564 877 651 952 κατὰ
680 896 859 972 στοιχεῖον,
887 877 940 952 ότι
968 880 1104 954 άοοτοι
1147 885 1181 954 σί
1203 890 1317 975 νεκροί
1328 889 1364 975 ¹)

196 985 281 1080 ὅπερ
304 993 457 1082 είληπται
481 993 518 1060 ἐκ
541 1000 604 1059 τοῦ

513 1092 635 1188 κωφὴν
658 1092 699 1188 δὴ
721 1111 819 1186 χαίαν
842 1092 1001 1183 άεικίζεις.

196 1208 266 1275 εἰιει
288 1208 324 1275 δὲ
347 1220 453 1274 κεῖται
476 1199 576 1274 καί“
557 1232 609 1275 οτι
632 1199 862 1295 άωτεόειν’)
889 1199 930 1275 τὸ
959 1201 1115 1293 ὑφαίνειν
1142 1211 1201 1276 καὶ
1223 1202 1364 1276 ὑπνοῦν.

157 1346 182 1384 ιο
196 1321 297 1383 τοῦτο
320 1315 382 1402 μὲν
406 1314 443 1382 ix
466 1323 528 1381 τοῦ

469 1419 643 1508 πάννυχον
666 1413 778 1489 ὕπνον
800 1415 920 1502 άαιτεῐς
942 1422 992 1512 (Κ
1013 1422 1090 1510 159)

196 1530 305 1596 έκεῖνο
331 1530 366 1596 δὲ
390 1529 427 1596 ἐκ
450 1536 514 1596 τοῦ

599 1630 826 1723 ὑφαινομένου
850 1628 965 1703 άοότου

197 1743 290 1826 έρίου
314 1735 438 1831 δηλαδὴ
461 1736 482 1830 ἢ
506 1745 611 1811 λίνου.

764 1945 803 2008 Β.

158 2129 182 2168 1s
287 2103 360 2167 363.
401 2102 573 2168 Eusteth.
597 2126 626 2187 p.
653 2103 753 2180 1404,
776 2103 829 2168 47.
871 2101 908 2168 ἐν
936 2102 973 2170 δὲ
1000 2099 1199 2191 ῥητορικῷ
1227 2109 1368 2190 λεξικῷ

197 2210 348 2296 φέρεται,
380 2201 426 2286 ὡς
453 2210 529 2293 τρία
557 2211 707 2297 σημαίνει
734 2201 774 2276 τό
806 2206 1018 2298 βάίίεινῑγ
1045 2203 1086 2276 τὸ
1113 2211 1297 2296 προέσθαι,
1326 2201 1367 2276 τό

81 2386 83 2391 ,
196 2315 302 2404 ῥῖψαι,
324 2309 364 2383 τό
387 2324 513 2403 τρῦσαι.

286 2426 359 2492 364.
392 2424 565 2490 Eustath.
584 2447 613 2508 p.
634 2425 707 2502 812,
726 2425 778 2492 44.
808 2416 863 2508 [τό
889 2425 924 2490 δὲ
946 2426 1236 2512 βαμβαίνεινί),
1260 2414 1369 2491 ὅέστι

198 2529 394 2619 συγκρούειν
417 2523 497 2610 τούς
519 2523 677 2611 ὀδόντας,
705 2523 773 2598 άπὸ
801 2537 864 2598 τοῦ
891 2523 977 2598 κατὰ
1001 2527 1107 2617 στόμα
1129 2527 1247 2616 ψόφου
1270 2523 1370 2598 κατά

158 2632 291 2718 ιοτοὺς
312 2630 505 2717 παλαιοὺς
529 2634 815 2724 ἐσχημάτισται.
848 2640 906 2704 καί
929 2635 1008 2720 ἔστι,
1031 2640 1122 2723 φασὶ,
1148 2634 1369 2727 δυσερμήνευ-

197 2770 268 2813 τον.
298 2745 529 2831 συμβαίνειιδὲ
552 2755 624 2822 τοῖς
646 2741 775 2829 ῥιγοῦσι
798 2747 943 2824 καὶτοῖς
961 2738 1215 2833 ὑποπτήσσουσι
1233 2745 1369 2812 καὶθέ-

198 2858 295 2919 λουσι
316 2853 378 2936 μὲν
401 2853 540 2939 λαλῆσαί
567 2874 615 2932 τι,
643 2842 888 2938 ἀπορουμένοις
916 2852 953 2918 δὲ
980 2854 1038 2918 καὶ
1064 2846 1292 2939 ὑποτρέμουσι
1314 2854 1371 2918 καί

199 2950 290 3026 οὕτω
312 2949 392 3036 τοὺς
416 2950 558 3037 ὀδόντας
586 2955 853 3046 συρρήσσουσιν].
887 2959 1000 3026 ίστέου
1033 2959 1069 3026 δὲ
1096 2950 1150 3027 ότι
1182 2958 1224 3026 ἐν
1256 2956 1370 3049 ῥητο-

199 3073 297 3150 ρικῷ
319 3087 400 3129 τινι
423 3069 565 3152 λεξικῷ
589 3066 726 3153 φέρεται
753 3067 1046 3158 βαμβαίίζεινί)
1073 3059 1114 3134 τὸ
1141 3065 1275 3154 τρέμειν
1302 3059 1369 3134 ὑπὸ

243 3262 304 3317 362.
324 3263 346 3326 ¹)
365 3260 536 3330 Significatio
555 3263 642 3318 allata
659 3279 796 3332 nusquam
818 3262 944 3319 iteratur.

289 3350 311 3419 ²)
329 3349 453 3406 Priorem
478 3351 691 3421 explicationem
716 3354 746 3408 B.
766 3354 798 3406 A.
818 3353 883 3418 476,
902 3354 938 3408 22
962 3352 1085 3410 exhibet.
1118 3353 1243 3410 Alterius
1267 3352 1370 3410 similia

200 3455 244 3510 ap.
263 3439 307 3494 Et.
327 3440 364 3494 M.
385 3441 427 3506 57,
447 3441 489 3496 55.
509 3442 569 3508 117,
588 3442 631 3496 47.
650 3442 694 3495 Et.
715 3441 784 3497 Gud.
806 3443 847 3508 11,
866 3443 909 3497 30.
929 3443 973 3506 30,
992 3444 1018 3498 2.
1038 3443 1103 3499 Hes.

243 3518 347 3588 363³)
366 3531 496 3586 Fortasse
518 3533 572 3586 huc
595 3530 711 3599 respicit
734 3531 800 3586 Hes.
824 3526 903 3602 βάλε.
926 3562 962 3573 -
985 3531 1102 3604 Heyden
1124 3549 1151 3602 p.
1174 3533 1237 3589 232.
1262 3548 1297 3589 ex
1320 3531 1370 3598 eis,

201 3636 271 3689 quae
291 3621 365 3690 apud
382 3621 562 3676 Eustathium
581 3623 739 3690 sequuntur,
759 3621 879 3690 glossam
897 3621 941 3676 Et.
956 3621 994 3676 M.
1009 3639 1036 3691 p.
1054 3623 1113 3677 198.
1133 3625 1204 3678 extr.
1218 3617 1293 3694 βλάξ
1305 3623 1369 3678 rhe-

200 3709 316 3766 toricam
334 3711 370 3766 ad
389 3709 527 3765 atticistas
546 3709 650 3765 referre
670 3709 770 3764 studet.

243 3800 304 3856 364.
326 3801 345 3868 ¹)
364 3799 450 3855 Uncis
468 3799 576 3855 inclusa
594 3799 672 3853 Eust.
686 3799 787 3868 petivit
806 3815 840 3854 ex
859 3799 943 3855 schol.
962 3800 1042 3855 Hom.
1058 3801 1093 3856 acl
1110 3801 1139 3855 K
1154 3802 1216 3869 375,
1234 3806 1266 3858 ut
1284 3800 1369 3859 schol.

199 3890 268 3946 Ven.
288 3891 321 3946 A.
342 3890 436 3944 statim
454 3891 561 3959 probat.
587 3889 711 3944 Venetus
730 3888 817 3944 tradit
830 3885 857 3944 oi
870 3887 900 3944 oe
914 3885 1117 3960 ἐσχημάτισαν,
1137 3891 1283 3963 episcopus
1296 3887 1370 3949 κατὰ

200 3977 230 4034 δὲ
250 3975 316 4043 τοὺς
334 3975 471 4043 παλαιοὺς
490 3973 694 4049 ἐσχημάτισται
713 3978 834 4047 exhibet,
854 3981 926 4034 unde
945 3979 1002 4036 iam
1019 3979 1181 4048 Eustothio,
1201 3980 1249 4050 qui
1266 3981 1371 4037 fuerint

201 4065 229 4122 oi
247 4069 379 4130 παλαιοί,
404 4069 526 4137 ignotum
550 4069 636 4124 fuisse
657 4071 772 4136 constat,
793 4068 827 4124 of.
846 4070 918 4125 Prol.
937 4087 964 4140 p.
984 4070 1027 4126 20.
1046 4069 1288 4141 Lexicographum
1306 4087 1370 4127 vero

200 4157 319 4226 utrique,
339 4161 368 4212 et
388 4157 554 4214 scholiastae
576 4163 606 4214 et
624 4159 765 4229 episcopo,
789 4160 902 4214 subesse
927 4161 1008 4216 docet
1026 4161 1091 4216 Hes.
1111 4177 1132 4216 s.
1152 4178 1176 4215 v.
1195 4160 1369 4232 βαμβαίνων.

292 4247 312 4314 ²)
331 4249 376 4301 An
390 4253 465 4303 recte
479 4248 643 4304 Eustathius
657 4248 768 4304 lexicon
783 4248 970 4320 exscripserit,
991 4250 1103 4306 dubium
1119 4253 1169 4306 est.
1194 4251 1284 4306 Schol.
1299 4250 1369 4306 Ver.

202 4335 219 4390 1.
238 4336 258 4390 l.
277 4337 463 4406 βαμβαλίζειν
481 4338 642 4409 posterioris
660 4338 762 4396 aetatis
781 4354 842 4396 esse
861 4341 949 4397 docet.
982 4341 1111 4399 Fortasse
1134 4340 1304 4413 βαμβαίνειν
1322 4357 1370 4396 vo·
