3000 5040
636 197 677 265 51

72 358 289 443 μιστοκλίους
311 359 483 448 θυγατέρα
501 351 680 447 Ἀθηναίαν
708 357 806 446 ξένην
829 359 909 446 φησὶ
932 357 986 423 καί
1011 357 1180 445 Πίνδαρος
1203 354 1239 423 ἐν

75 471 221 544 σκολιοῖς
244 466 298 554 (cf.
317 468 431 552 Bergk.
449 469 521 552 Lyr.
540 467 587 532 14.
605 490 635 552 p.
654 466 744 553 372).
771 458 790 530 ὃ
813 465 929 550 μέντοι
951 461 1115 551 Φρύνιχος
1138 458 1239 531 droit-

72 568 172 638 τικόν
195 590 298 660 φησιν
321 566 490 661 εἶναιτὴν
514 566 634 661 φωνὴν
657 575 713 638 καὶ
736 567 911 658 θαυμάζει,
933 579 1007 650 πῶς
1032 568 1241 660 Φερεκράτης

74 671 304 758 detractator
334 673 384 746 cdv
413 689 532 769 χρῆται
564 687 606 764 τῇ
634 679 727 762 λέξει.
752 718 794 729 -
823 680 899 745 Tres
926 681 1025 764 igitur
1051 684 1195 746 auctores
1222 701 1242 745 a

73 785 174 852 Suida
190 788 337 854 laudatos
355 788 510 854 videmus:
535 787 570 875 1)
589 787 775 871 Megaclidis
793 787 1052 853 commentarium
1061 785 1087 872 ¹)
1110 788 1152 851 ad
1171 808 1240 852 car-

73 893 161 959 mina
187 893 368 972 Homerica,
395 895 484 960 cuius
510 895 574 978 legi
602 885 795 981 (Ἀθηναίαν
823 915 886 958 non
909 921 953 950 =
975 895 1074 958 civem
1096 894 1241 979 atticam)

72 1003 141 1066 tres
162 1000 224 1066 loci
247 1001 357 1067 comici
380 1000 603 1085 obloquuntur.
628 1002 663 1087 2)
687 997 720 1066 οἱ
739 999 811 1087 δὲ’)
830 1000 885 1083 qui
904 1001 1036 1066 eandem
1058 999 1159 1084 legem
1177 1006 1241 1065 sta-

72 1111 212 1184 tuerunt,
234 1113 329 1192 atque
352 1107 559 1191 Megaolides:
591 1109 708 1173 iterum
730 1107 818 1172 locus
841 1109 976 1173 comicus
999 1112 1031 1172 et
1055 1107 1241 1173 Pindaricus

71 1211 148 1278 huic
170 1214 332 1280 doctrinae
355 1221 565 1299 opponuntur.
598 1215 633 1301 3)
657 1214 853 1299 Phrynichus
877 1214 946 1300 (qui
964 1215 1048 1279 idem
1061 1205 1240 1301 Ἀθηναίαν

73 1321 248 1398 damnavit,
271 1323 328 1387 sed
351 1322 552 1388 Pherecratis
575 1323 678 1388 locum
701 1321 923 1406 obloquentem
946 1323 979 1385 in
1003 1321 1153 1387 subsidiis
1176 1322 1240 1388 suis

71 1427 138 1492 iam
159 1427 345 1515 invenerat).
387 1429 484 1494 Deest
507 1428 692 1514 obloquens3
714 1427 848 1494 fortasse
870 1427 969 1494 hahes
991 1428 1024 1492 in
1044 1427 1131 1494 Suid.
1149 1429 1190 1512 gl.
1213 1429 1240 1495 1.

71 1531 237 1600 Simillime
263 1557 314 1600 res
342 1537 426 1620 apud
450 1535 559 1620 Steph.
582 1536 655 1620 Byz.
674 1535 695 1601 l.
713 1536 734 1602 l.
757 1535 915 1620 procedit,
942 1537 1030 1600 cuius
1059 1541 1240 1619 excerptum

72 1639 212 1706 lacerum
234 1645 453 1710 tantummodo
475 1643 641 1709 habemus:
676 1644 709 1730 1)
733 1643 817 1708 Civis
839 1643 939 1709 attica
961 1648 993 1708 et
1015 1644 1077 1708 dea
1099 1643 1240 1708 Minerva

70 1777 117 1806 =
134 1740 293 1835 Ἀθηναία
316 1749 446 1836 (omissa
469 1756 517 1816 est
539 1751 639 1834 igitur
657 1751 823 1827 sententia,
846 1771 927 1833 quae
950 1749 1038 1814 illam
1060 1751 1239 1835 opinionem

71 1857 258 1942 damnavit).
300 1855 335 1945 2)
354 1857 508 1942 Didymus
526 1857 611 1922 idem
629 1858 730 1922 tradit
753 1857 882 1941 (iterum
906 1857 1064 1922 sententia
1087 1859 1238 1922 damnans

73 1963 191 2028 omissa
213 1961 285 2051 est).
326 1963 362 2048 3)
390 1964 587 2053 Phrynichus
610 1955 790 2045 αὗταλεξεί.
836 1963 1032 2030 Sententiam
1055 1964 1239 2049 Megaclidis

72 2069 276 2136 damnantem
298 2070 369 2136 ideo
388 2072 615 2155 expectandam
637 2069 733 2137 fuisse
756 2076 843 2155 puto,
866 2073 951 2155 quod
974 2070 1146 2138 defendens
1169 2093 1239 2135 sen·

71 2177 176 2240 tentia
192 2176 242 2242 bis
259 2177 417 2261 particula
435 2177 476 2243 δὲ
494 2178 717 2244 introducitur.
736 2217 778 2227 —
798 2178 875 2244 Tres
893 2178 964 2245 illos
982 2178 1105 2262 glossae
1124 2176 1239 2243 Suidae

71 2287 217 2348 auctores
244 2285 308 2349 iam
335 2283 415 2350 Nab.
438 2307 467 2368 p.
492 2285 534 2349 97
563 2307 623 2352 sec.
647 2284 755 2351 Cobet.
774 2285 923 2350 Mnemos.
942 2284 980 2350 X.
999 2307 1028 2367 p.
1049 2284 1155 2368 8l.sq.
1174 2289 1238 2350 sta·

71 2390 145 2467 tuit,
168 2390 224 2456 sed
246 2391 293 2455 ita
314 2395 351 2454 ut
368 2392 502 2474 primam
524 2392 659 2476 glossam
677 2391 768 2456 Aelio
787 2391 947 2476 Dionysio,
969 2391 1102 2455 alteram
1121 2388 1169 2477 (οἱ
1188 2391 1239 2478 δὲ)

70 2497 260 2575 Pausaniae,
286 2497 415 2563 tertiam
438 2498 502 2564 Oro
529 2499 694 2564 tribueret.
740 2499 848 2582 Neque
876 2505 982 2563 tamen
1010 2519 1082 2562 cum
1108 2498 1162 2562 illo
1190 2497 1237 2562 fa-

72 2605 190 2671 ciemus
221 2627 324 2690 neque
355 2605 486 2671 alteram
519 2605 695 2672 Pausaniae
726 2605 914 2681 tribuemus,
946 2606 1031 2686 quod
1057 2605 1146 2669 Eust.
1174 2604 1193 2670 l.
1217 2603 1238 2668 l.

71 2716 274 2796 utrumque
310 2713 484 2778 atticistam
521 2714 562 2778 ad
595 2712 791 2798 Megacliden
822 2711 1022 2777 Homericum
1054 2731 1238 2795 provocasse

71 2821 218 2883 testatur.
237 2857 278 2868 —
302 2818 409 2885 Prima
431 2820 650 2886 tantummodo
673 2820 885 2886 atticistarum
906 2824 988 2884 sunt.
1021 2817 1114 2884 Unde
1132 2822 1238 2882 autem

71 2923 203 2990 fuerumt
225 2925 287 2990 loci
311 2926 441 2991 comici?
463 2927 593 3011 Didymi
615 2927 667 3013 (ut
684 2928 718 2992 L.
738 2926 859 2992 Cohnio
881 2948 911 3010 p.
932 2925 1005 2991 295.
1023 2930 1087 2991 not.
1108 2924 1150 2988 25
1169 2925 1236 3008 pla-

72 3031 167 3118 cuit),
195 3033 280 3115 quod
308 3034 379 3116 quis
407 3055 447 3097 ex
474 3032 582 3116 Steph.
606 3034 679 3119 Byz.
704 3034 887 3112 coniecerit,
914 3054 980 3100 esse
1008 3054 1071 3098 non
1097 3037 1238 3116 possunt,

71 3139 159 3221 quod
178 3136 377 3206 chalcenteri
399 3141 573 3206 auctoritas
595 3141 641 3207 ibi
665 3142 834 3226 opponitur
856 3141 949 3207 alteri
968 3140 1118 3224 opinioni,
1136 3130 1237 3227 (Ἀθη-

70 3245 173 3311 ναίαν
198 3267 263 3311 non
290 3268 357 3312 esse
386 3248 484 3313 civem
507 3247 676 3334 Atticam),
704 3271 784 3333 quae
811 3254 885 3315 ante
911 3270 1002 3314 voces
1024 3246 1166 3331 Δίδυμος
1189 3246 1238 3311 vel

161 3442 183 3508 ²)
201 3441 361 3511 Repetitum
381 3459 425 3512 ap.
439 3442 586 3498 atticistas.

162 3529 183 3597 ²)
201 3531 249 3599 qui
268 3526 295 3585 oi
313 3530 344 3585 δὲ
363 3531 406 3586 illi
425 3530 542 3599 fuerint,
566 3533 658 3588 adhuc
680 3531 813 3602 indagare
836 3549 890 3587 non
909 3531 995 3602 potui,
1014 3546 1103 3599 neque
1122 3531 1236 3584 multum

71 3617 168 3674 refert.
192 3620 322 3676 Fortasse
335 3620 407 3676 alius
426 3621 540 3690 quidam
551 3621 766 3691 Alexandrinus,
785 3622 831 3677 cui
849 3621 999 3677 auctoritas
1011 3619 1119 3689 Diphili
1133 3623 1161 3674 et
1172 3620 1236 3674 Pin-

70 3707 133 3762 dari
147 3703 178 3763 ἐν
191 3711 317 3774 σκολιαῖς
329 3711 485 3780 opponitur.
517 3711 593 3780 Quae
606 3711 765 3766 testimonia
777 3711 935 3766 vetustioris
954 3709 1067 3779 originis
1086 3725 1155 3775 esse,
1175 3725 1237 3764 oum

70 3812 205 3865 nusquam
223 3798 294 3854 alias
314 3801 387 3869 apud
401 3801 456 3854 lex.
469 3801 596 3870 redeant,
614 3817 694 3855 nemo
712 3800 864 3870 negaverit.
892 3800 921 3856 Si
935 3806 1011 3854 recte
1024 3797 1158 3867 Stephani
1170 3800 1235 3869 Byz.

71 3886 174 3952 locum,
200 3888 247 3955 qui
271 3889 382 3943 easdem
405 3893 488 3959 atque
507 3889 582 3945 Suid.
600 3889 753 3944 sententias
776 3893 860 3958 atque
879 3890 974 3943 ecdem
998 3887 1093 3943 ordine
1112 3889 1236 3957 protulit,

72 3990 134 4027 cnm
144 3974 229 4030 Suida
240 3977 465 4047 comparavimus,
479 3978 553 4033 locos
565 3979 628 4032 illos
642 3995 675 4032 ex
685 3979 796 4048 Didymi
810 3979 935 4033 doctrina
947 3977 1082 4047 prodiisse
1093 3977 1235 4045 (Schmidt.

70 4079 98 4131 p.
120 4063 192 4130 351.)
215 4066 342 4134 putabis,
370 4066 488 4122 fortasse
517 4083 552 4122 ex
575 4067 635 4122 eius
657 4067 747 4122 lexico
770 4067 882 4123 comico.
919 4068 998 4122 Unde
1021 4071 1114 4121 autem
1137 4066 1235 4121 Suidae

71 4151 225 4208 doctrinam
238 4153 403 4224 Didymeam
421 4156 532 4212 hausit?
556 4156 620 4211 Sine
640 4157 723 4211 dubio
742 4173 777 4211 ex
795 4156 982 4226 grammaticis
1001 4156 1102 4211 aetatis
1115 4156 1234 4211 Hadria·

70 4256 155 4312 neae,
179 4243 227 4312 qui
246 4260 313 4314 opes
332 4246 499 4300 anteriorum
518 4246 679 4317 Byzantinis
697 4247 880 4300 tradiderunt.
917 4246 1024 4302 Idcirco
1048 4245 1235 4302 coniecturam

70 4347 200 4401 propono,
220 4334 304 4389 etiam
323 4333 374 4390 illa
387 4335 489 4391 Suidae
507 4336 593 4390 verba
611 4351 645 4390 ex
665 4336 852 4390 atticistarum
870 4352 945 4406 penu
964 4337 1110 4407 desumpta
1129 4351 1197 4391 esse.

987 4427 1024 4480 4*
