3000 5040
628 183 670 247 57

65 344 138 406 dem
162 342 283 407 fontem
307 341 403 407 etiam
425 345 560 408 recurrit
581 343 822 428 Harpocran.
842 341 1044 426 Αἰξωνῇσιν,
1068 335 1233 428 Ποταμός,

69 444 286 535 θνμοιτάδης.

155 556 276 636 Quibus
301 556 378 621 locis
406 555 558 621 addemus
581 557 668 621 Eust.
691 579 720 641 p.
745 557 823 633 279,
842 557 892 620 34.
922 555 1166 640 ἒκωμφδοῦντο
1196 556 1235 622 δέ

66 680 170 746 φασιν
190 659 223 728 οἱ
241 655 446 749 Ἐρετριεῖς
464 655 511 740 ὡς
532 667 650 748 πολλῷ
673 669 723 748 τῷ
746 686 765 748 ρ
789 661 826 727 έν
849 675 922 740 ταῖς
945 655 1086 747 ὁμιλίαις
1107 659 1232 749 χρώμε-

65 793 130 834 νοι.
160 761 213 835 διδ
241 772 298 834 καὶ
326 762 437 849 αὐτοὶ,
464 761 557 836 καθδι
580 771 637 834 καὶ
660 767 693 835 οἱ
715 763 846 850 Ἠλεῖοι,
872 766 1133 855 βαρβαρόφωνοι
1159 770 1232 835 έκα-

65 881 201 958 λοῦντο,
225 869 271 954 ὡς
294 875 331 942 ἐν
353 873 520 964 ῥητορικῷ
545 868 680 963 εὕρηται
703 882 833 962 λεξικῷ,
857 869 911 942 διὰ
934 868 996 943 τδν
1018 869 1233 961 πλεονασμὸν

64 991 130 1049 τοῦ
151 1008 180 1069 ρ.
219 983 369 1068 Sequitur
392 985 477 1049 locus
501 984 746 1067 Aristophanem
768 985 846 1069 περὶ
868 983 1076 1070 καινοτέρων
1099 985 1231 1066 λέξεων.

65 1091 104 1156 cf.
128 1091 238 1156 Nauck
264 1113 294 1174 p.
318 1091 391 1155 207.
415 1131 456 1138 —-
485 1091 623 1156 Lexioon
654 1091 846 1157 rhetoricum
879 1091 961 1156 Aelii
990 1092 1133 1176 Dionysii
1166 1114 1232 1158 esse

64 1197 182 1263 librum
200 1198 275 1262 inde
293 1199 359 1262 veri
377 1199 479 1263 simile
497 1197 542 1274 fit,
566 1198 651 1280 quod
669 1198 758 1262 illum
781 1196 818 1262 fr.
838 1198 911 1262 298.
930 1199 970 1261 de
994 1199 1232 1282 sigmatismo

65 1311 100 1370 et
126 1305 220 1370 nimis
248 1311 281 1369 et
308 1326 420 1389 parum
445 1304 589 1370 adhibito
612 1311 760 1388 agentem
782 1306 926 1370 vidimus.
946 1343 986 1352 -
1011 1305 1233 1389 Aristophanis

66 1418 175 1477 autem
194 1412 370 1478 doctrinam
388 1411 534 1477 adhiberi
552 1412 627 1476 inde
645 1412 835 1496 coarguitur,
858 1414 943 1495 quod
961 1412 1129 1489 verbum,
1147 1414 1232 1496 quod

65 1519 302 1605 desideratur1)
326 1520 359 1583 in
383 1520 487 1603 glossa
509 1519 593 1584 Aelii
611 1518 764 1602 Dionysii,
787 1525 920 1602 apparet
943 1518 1232 1603 1ο6οἰι1.χαλκι-

65 1627 86 1692 δ
91 1628 104 1691 ι’
110 1631 207 1708 ζειν·
232 1628 289 1690 καὶ
305 1621 575 1710 χαλκιδεύεσθαι·
600 1624 744 1691 ἐπὶτῶν
762 1624 1062 1710 γλισχρενομένων·
1096 1627 1152 1690 καὶ
1171 1649 1231 1709 φι-

64 1734 235 1815 κιδίζειν
259 1731 314 1798 ἐπὶ
336 1740 398 1798 τοῦ
420 1734 665 1818 παιδεραστεῖν,
689 1731 762 1797 ἐπεὶ
784 1725 868 1819 παρ>
887 1724 1001 1811 αὐτοῖς
1024 1729 1056 1797 οἱ
1080 1724 1233 1819 ἀρρένων

64 1836 188 1926 έρωτες
205 1832 360 1926 ἤσκηντο.
391 1831 486 1904 ἄλλοι
506 1839 542 1904 δὲ
561 1838 617 1904 ἐπὶ
634 1845 684 1925 τῷ
707 1835 954 1923 ῥωτακίζειν.
984 1839 1056 1905 ἐπεὶ
1080 1833 1177 1906 αὐτοί
1195 1864 1231 1906 τε

64 1948 122 2012 καὶ
139 1939 309 2034 Ἐρετριεῖς
333 1947 470 2012 δοκοῦσι
488 1953 537 2031 ,τῷ
560 1970 579 2032 ρ
603 1946 898 2033 κατακορεστέρως
918 1954 1064 2033 χρῆσθαι
1082 1949 1138 2012 καὶ
1157 1939 1234 2013 ἀντὶ

63 2062 128 2121 τοῦ
151 2072 170 2120 σ
193 2053 354 2130 τιθέντες.
374 2092 415 2100 -
439 2049 637 2139 ῥωτακίζειν
664 2055 706 2119 ad
727 2055 928 2138 χαλκιδίζειν
950 2054 1151 2119 referendum
1176 2062 1232 2121 est.

63 2162 104 2228 cf.
124 2161 248 2227 Strabo.
264 2161 302 2226 X.
317 2184 346 2245 p.
361 2162 436 2227 448.
470 2160 587 2226 Suidae
604 2162 704 2244 igitur
723 2163 825 2226 locum
844 2161 885 2226 ad
904 2161 1076 2227 atticistam
1093 2162 1233 2228 referen-

63 2271 141 2334 dum
160 2289 227 2334 esse
251 2272 283 2332 et
305 2268 479 2333 atticistam
502 2289 559 2334 sua
577 2268 800 2352 Aristophanis
818 2267 900 2332 libro
918 2269 996 2353 περὶ
1013 2272 1233 2356 βλασφημιῶν

63 2375 181 2440 debere
204 2374 332 2440 minime
354 2375 534 2458 negandum
558 2376 626 2441 erit.

155 2481 269 2546 Liber
282 2475 449 2548 Artaxat
469 2481 595 2563 λέξεις
612 2503 725 2566 agmen
744 2483 878 2548 claudat.
912 2483 1011 2561 Quem
1029 2483 1165 2567 primum
1183 2483 1231 2546 lo-

64 2612 136 2656 cum
152 2589 296 2655 obtinere
311 2589 457 2655 debuisse
475 2611 538 2653 non
552 2591 741 2673 negaverim,
759 2590 820 2655 nisi
840 2594 987 2672 excerpta
1006 2590 1131 2654 omnino
1149 2588 1233 2654 hunc

62 2697 182 2762 librum
199 2697 385 2773 omisissent,
404 2695 442 2762 cf.
457 2696 554 2762 Cohn.
564 2697 590 2783 2)
610 2697 743 2761 Jahrhb.
759 2696 830 2760 XII.
844 2719 874 2780 p.
889 2696 962 2762 322.
974 2718 1019 2780 sq.
1043 2697 1233 2779 Fragmenta

62 2804 163 2888 igitur
186 2825 205 2866 a
227 2803 370 2868 Nauckio
394 2803 527 2868 collecta
550 2804 594 2888 (p.
617 2804 805 2889 181-188)
828 2803 984 2886 respicere
1012 2805 1231 2868 tantummodo

63 2931 144 2993 opus
168 2910 238 2974 erit.
272 2911 342 2974 Duo
366 2917 440 2975 sunt
462 2911 524 2974 loci
548 2932 587 2975 ex
608 2910 754 2974 Erotiani
777 2911 836 2975 lex.
855 2911 948 2994 Hipp.
967 2914 1060 2994 petiti
1083 2934 1112 2996 p.
1132 2911 1183 2986 53,
1202 2913 1231 2975 6.

62 3017 166 3082 Klein.
196 3017 253 3081 καὶ
266 3008 328 3102 γὰρ
344 3015 376 3081 οἳ
386 3010 507 3083 Ῥόδιοι
523 3010 706 3101 ἄμβωνας
720 3022 860 3083 καλοῦσι
878 3009 937 3095 τὰς
957 3010 1143 3103 δφρνώδεις
1160 3024 1232 3081 τῶν

64 3116 157 3209 δρῶν
181 3114 370 3203 ἀναβάσεις·
398 3124 559 3210 μέμνηται
586 3132 644 3210 τῆς
667 3123 787 3205 λέξεως
815 3127 872 3189 καὶ
894 3120 1057 3208 Αἰσχύλος
1080 3126 1137 3188 καὶ
1154 3115 1232 3210 Ἀρι-

64 3225 236 3316 στοφάνης
268 3222 286 3295 ὁ
315 3223 550 3316 Γραμματικδς
583 3229 619 3296 έν
651 3243 723 3308 ταῖς
749 3223 907 3308 Ἀττικαῖς
935 3231 1070 3312 λέξεσιν.
1104 3231 1142 3296 cf.
1166 3232 1233 3296 Ael.

64 3339 156 3402 Dion.
176 3338 213 3401 ir.
232 3338 285 3401 44.
306 3338 408 3421 (Eust.
427 3361 456 3421 p.
479 3339 572 3415 1636,
592 3338 649 3425 52)
674 3340 753 3425 φησὶ
777 3346 860 3423 γοῦν
883 3331 918 3402 A.
940 3340 973 3402 A
994 3330 1153 3421 δμβωνες.
1178 3333 1232 3403 λό-

63 3467 125 3526 φοι
149 3435 242 3528 δροόν
265 3445 319 3507 καὶ
344 3442 414 3521 'troc
436 3451 528 3509 πᾶσα
551 3447 608 3509 καὶ
632 3439 706 3510 οἷον
726 3436 831 3530 δφρύς
854 3446 910 3509 καὶ
934 3437 1088 3530 ὑπεροχή.
1122 3444 1232 3510 Paullo

63 3550 240 3634 poetelius
263 3552 392 3634 quidam
415 3559 525 3617 auctor
547 3553 626 3618 haee
648 3553 761 3617 tradit:
794 3551 931 3637 φέρεται
960 3552 995 3615 δὲ
1018 3552 1075 3615 καὶ
1099 3541 1152 3616 δτι
1175 3544 1232 3634 δμ-

63 3662 149 3738 βων·
183 3648 291 3734 λοπδις
317 3659 375 3722 καὶ
401 3651 421 3744 η
448 3666 507 3746 τῆς
535 3655 683 3736 λοπάδος
711 3654 882 3723 ἐνδοτάτω
911 3650 1016 3742 ὀφρύς
1044 3661 1115 3721 κτλ.
1163 3658 1232 3735 Quo

64 3786 103 3828 ex
125 3763 213 3829 fonte
236 3765 444 3842 manaverint,
472 3768 524 3830 vix
552 3766 682 3831 dubium
711 3772 766 3830 est.
785 3803 828 3811 —
852 3765 942 3830 Alter
965 3765 1050 3829 locus
1074 3769 1122 3829 est
1145 3764 1231 3829 Erot.

65 3871 192 3946 61,14.
217 3866 339 3956 διόπῳ·
372 3879 430 3958 τῆς
453 3864 537 3948 νεοδς
561 3871 753 3957 ἐπιμελητῇ,
779 3861 871 3956 παρδι
895 3863 934 3937 τὸ
960 3866 1149 3937 διοπτεύειν
1167 3862 1231 3936 Άτ-
1296 3864 1303 3875 ’

158 4141 177 4207 ¹)
196 4140 266 4194 Mill.
281 4141 346 4194 Mel.
360 4159 386 4209 p.
401 4141 460 4195 425.
474 4140 652 4211 βλασφημίαι
672 4171 705 4179 —
725 4138 922 4212 ῥηματικῶς
941 4141 1115 4208 πεποίηνται.

155 4230 176 4293 2)
196 4231 259 4284 Iure
272 4229 376 4285 Erwini
395 4230 491 4285 Rhode
511 4230 667 4300 opinionem
681 4230 726 4300 (de
739 4230 807 4286 Poll.
820 4230 887 4286 font.
900 4249 927 4301 p.
942 4233 998 4298 16),
1014 4226 1131 4284 Ἀττικαὶ
1144 4227 1233 4297 λέξεις

65 4320 177 4373 titulum
198 4321 250 4373 toti
268 4320 354 4387 operi,
374 4336 428 4373 non
448 4319 534 4389 capiti
552 4319 697 4389 peculiari,
717 4319 835 4374 inditum
854 4337 914 4375 esse
934 4319 1040 4375 reiecit.
