3000 5040
811 281 874 346 132

255 442 291 508 oe
308 437 436 528 βρόμον
444 443 471 529 ²)
490 441 577 527 λέγει
595 442 652 507 καί
672 440 800 528 σπέρμα
823 446 928 523 λεπτῇ
950 446 1055 524 κριθῇ
1078 430 1214 523 ὅμοιον,
1238 428 1278 505 τὸ
1302 447 1433 520 κοινῶς

255 541 379 636 δηλαδὴ
408 546 591 634 λεγόμενον
618 544 767 633 βρόμιον.
801 539 841 613 τύ
869 547 985 631 μέντοι
1011 548 1300 632 βρωμᾶσθαιθ),
1325 540 1345 612 ὃ
1373 551 1433 614 καὶ

254 655 446 736 ἐκτείνεται,
470 657 590 742 φησὶν
615 647 633 721 ὃ
658 647 776 731 αὐτὸς
799 653 855 719 ἐπὶ
878 645 1032 739 οἷρσένων
1056 646 1148 718 ὄνων
1171 653 1346 735 τίθεσθαι,
1376 646 1433 720 ὅτι

253 758 490 846 λιμούττουσιν,
514 761 569 826 ἵνα
592 750 627 844 ᾗ,
650 778 759 848 φησι,
782 752 822 826 τὸ
845 765 1046 846 βρωμᾶσύαι
1069 751 1109 824 τὸ
1132 755 1282 846 βρούγιης,
1311 751 1331 826 ὅ
1359 759 1433 827 ἐστι

227 876 390 956 στροφῆς,
415 871 555 936 δεῖσθαι.

342 977 393 1042 97.
426 977 601 1041 Eustath.
620 999 649 1060 p.
670 977 743 1053 207,
763 976 791 1041 2.
813 969 1098 1059 βυσσαύχηνῑ).
1132 969 1343 1051 Διονύσιος
1365 967 1431 1061 γὰρ

252 1078 392 1160 Αίλιός
419 1100 535 1168 φησιν,
568 1074 621 1148 ὅτι
648 1085 837 1170 βοσοαύχην
866 1071 996 1175 δ’·τούς
1029 1070 1139 1163 ὤμους
1168 1079 1343 1145 συνέλκων
1373 1080 1431 1147 ἐπὶ

252 1181 314 1255 τὸν
341 1185 521 1275 τράχηλον,
553 1191 782 1267 Παυσανίας
810 1189 926 1274 μέντοι
954 1188 1071 1282 φησίν,
1104 1177 1157 1251 ὅτι
1184 1183 1376 1274 βυσσαύχην
1411 1182 1430 1255 ὁ

251 1287 313 1360 τὸν
338 1287 459 1379 αὐχένα
482 1296 631 1379 συνέχων
654 1297 710 1360 καὶ
733 1288 812 1372 τούς
836 1290 948 1380 ὤμους
971 1287 1133 1391 ἀνέλκων.
1172 1293 1240 1371 Quo
1264 1314 1335 1358 oum
1358 1296 1430 1361 loeo

211 1424 238 1465 ιο
252 1403 449 1468 contexenda
471 1409 544 1467 sunt
567 1402 664 1467 verba
686 1403 832 1469 Eustath.
855 1426 884 1486 p.
906 1404 983 1480 838,
1005 1405 1053 1469 18.
1082 1391 1144 1488 καὶ
1167 1389 1220 1464 ὅτι
1242 1406 1293 1484 τῷ
1317 1397 1427 1486 έριαύ-

249 1529 322 1592 χενι
346 1500 364 1573 ὃ
388 1504 612 1594 βυσσαύχηνῖ)
637 1501 831 1588 ἀντίκειται,
854 1503 964 1586 ἄλλως
986 1497 1384 1592 μέντοῖ·χτροιιικω’τερον
1409 1501 1428 1574 ὁ

250 1610 441 1700 βυσσαύχην
463 1611 574 1699 ψόγον
598 1615 700 1701 δηλοῖ.
725 1617 876 1702 σημαίνει
893 1607 956 1700 γὰρ
979 1606 1050 1680 τὸν
1075 1602 1428 1713 έπίβουλευτικόν,

252 1711 298 1798 ota
321 1738 441 1803 φασιν
465 1718 503 1786 οἱ
525 1723 699 1787 παλαιοί.
1176 1739 1209 1812 χ

1210 1837 1226 1892 Χ

819 1937 857 1999 υ
1216 1930 1223 2045 i

340 2093 391 2156 98.
430 2093 748 2176 Eustath.p.344,
770 2094 819 2157 12.
857 2095 1037 2180 oppetemus
1061 2093 1096 2158 δὲ
1121 2084 1172 2158 ὅτι
1197 2081 1307 2178 οίσιιερ
1331 2089 1423 2174 εἶδος

212 2222 237 2263 15
252 2191 413 2264 ἀκοντίου
449 2191 469 2284 η
508 2197 657 2282 αἰγανέα,
695 2190 786 2264 ούτω
823 2201 880 2264 καὶ
912 2202 1071 2285 σίγαμνον
1102 2193 1194 2285 παρὰ
1225 2195 1423 2286 Λυκόφρονι

251 2305 307 2389 (vo.
327 2304 407 2391 556)
426 2306 484 2370 καί
513 2305 658 2391 γαῑοςῑ)
685 2297 706 2391 ἢ
729 2317 844 2391 γαῖον
868 2302 951 2392 δόρυ
975 2299 1176 2393 ὁλοσίδηρον
1198 2295 1285 2390 παρὰ
1308 2308 1418 2373 Παυ-

252 2412 369 2500 σανίᾳ
391 2403 413 2497 ἢ
437 2407 611 2495 έμβόλειον
634 2404 844 2498 ὁλοσίδηρον.

250 2624 353 2680 tionem
378 2640 449 2679 nova
473 2626 609 2694 quaedam
629 2624 716 2679 allata
735 2641 796 2680 esse
814 2629 935 2696 apparet
954 2626 988 2682 of.
1002 2626 1073 2681 Ptol.
1087 2628 1128 2682 68.
1158 2621 1418 2701 Ad4Diogenianum

249 2713 325 2768 refer
342 2714 444 2783 Phryn.
464 2714 531 2768 Lob.
552 2714 613 2768 156,

340 2801 361 2869 ⁹)
381 2803 463 2857 (λοστ.
482 2803 548 2857 Hes.

340 2889 361 2959 8)
381 2891 464 2946 Oonv.
484 2891 549 2946 Hes.
569 2890 644 2946 Suid.
664 2892 768 2946 Anecd.
787 2893 900 2955 Baehm.
920 2893 941 2947 I.
962 2894 1026 2962 182,
1047 2894 1088 2947 17.
1116 2892 1218 2947 Moeri.
1235 2891 1413 2960 βρωμᾶσθαι

245 2975 375 3042 Ἀττικοί,
400 2974 546 3049 ὀγκᾶσθαι
561 2967 702 3048 Ἕλληνες.
722 2981 882 3035 -Eadem
905 2981 992 3036 tradit
1009 2981 1076 3036 Poll.
1096 2982 1129 3037 V.
1149 2974 1200 3036 88
1211 2993 1326 3047 quocum
1349 2998 1411 3038 sae-

250 3068 364 3137 pissime
384 3068 512 3122 eonvenit
529 3068 695 3132 Zenodotus,
715 3069 762 3137 qui
781 3072 902 3135 vocatur,
922 3087 966 3138 ap.
981 3071 1114 3126 Valcken.
1135 3065 1268 3124 Aniuadv.
1288 3071 1325 3123 ad
1344 3073 1411 3127 Am·

249 3157 370 3210 monium
385 3174 411 3224 p.
425 3157 486 3224 228,
500 3158 569 3225 230.
590 3157 637 3226 qui
650 3159 727 3212 loeus
745 3159 839 3226 plures
857 3159 891 3212 ob
911 3175 1008 3213 causas
1027 3175 1088 3213 oum
1108 3156 1283 3229 Aript'phane
1303 3160 1411 3229 Byzan-

249 3243 288 3298 tio
319 3246 467 3298 cohaerere
491 3246 614 3314 videtur,
637 3245 671 3300 cf.
695 3248 818 3301 Ammon.
840 3263 867 3315 p.
887 3248 947 3302 145.
970 3247 1067 3304 Valak.
1089 3249 1137 3302 Ar.
1155 3247 1213 3315 Byz.
1236 3245 1278 3299 ed.
1301 3246 1410 3304 Nauck.

248 3348 274 3402 p.
289 3334 350 3387 218.
364 3349 403 3401 sq.
423 3334 495 3387 Prol.
508 3351 535 3403 p.
549 3335 591 3388 68.
605 3340 660 3388 not.
674 3336 699 3388 1.

294 3422 336 3475 97.
356 3423 378 3487 1)
396 3422 505 3490 Ubique
518 3417 663 3492 βυσαύχην
676 3423 822 3492 legendum
836 3427 886 3478 est.
905 3425 938 3478 A.
951 3425 1099 3495 Dionysius
1112 3420 1218 3480 reurrit
1235 3423 1408 3497 spadonia,

248 3510 404 3579 Hesychius
422 3511 576 3565 Pausaniae
596 3512 750 3566 doctrinam
769 3512 890 3567 exhibet.
929 3513 1026 3581 (Recte
1045 3514 1121 3568 Oohu
1139 3509 1239 3569 ahrbb.
1259 3511 1322 3568 XII.
1343 3515 1405 3571 347.

248 3615 274 3654 n.
296 3600 355 3653 144.
375 3603 470 3653 contra
489 3601 643 3670 Boysenum
662 3617 688 3669 p.
708 3603 749 3655 63.
769 3601 911 3670 disputat).

338 3687 556 3756 1)οί.ΡοΙΙ.ΙΙ.
577 3690 636 3744 135.
669 3684 815 3759 βυσαύχην
839 3687 869 3744 δὲ
893 3683 909 3745 ὃ
933 3685 1000 3754 τοὺς
1022 3689 1076 3755 μὲν
1100 3681 1331 3761 αλμοσρνέλκων
1354 3688 1406 3747 τὸν

248 3774 279 3831 δὲ
299 3773 405 3846 αὐχένα
428 3775 586 3840 συνέλκων,
612 3768 646 3832 tv
669 3773 821 3848 ἐπίβουλον
840 3773 1029 3849 Ἀριστοτέλης
1052 3766 1269 3850 φνσιογνολσνεῐ
1288 3780 1358 3849 (cap.
1378 3782 1405 3845 3,

248 3882 274 3934 p.
295 3867 379 3933 8071,
399 3867 452 3931 20).
478 3867 527 3919 καί
545 3861 725 3937 βνσαύχενας
742 3862 810 3931 τούς
827 3863 933 3931 ἀσκούς
949 3864 1149 3940 Ἀριστοφάνης
1168 3840 1297 3943 sethum
1327 3865 1354 3922 σί
1373 3868 1404 3924 δὲ

248 3949 412 4024 ἐριαύχενες
440 3949 551 4025 σφόδρα
579 3950 735 4023 ποιητικόν.
774 3955 942 4024 Quibuscum
965 3973 1111 4026 componas
1135 3948 1274 4029 Milithl.
1294 3971 1320 4024 p.
1340 3957 1402 4014 418.

247 4039 405 4111 βυσαύχην·
420 4035 434 4096 ύ
447 4038 680 4113 ἐπιβουλεντικύς
692 4060 727 4098 ex
737 4045 874 4099 Suetonio.
886 4075 919 4084 -
930 4042 1163 4115 Aristophane
1217 4041 1328 4098 Polluce
1341 4045 1403 4100 lau-

248 4132 341 4184 datum
355 4131 556 4202 Byzantium
572 4148 632 4186 esse
647 4134 737 4200 eredo,
758 4134 830 4201 quod
845 4135 1027 4189 Suetonius
1040 4130 1182 4206 βυσαύχην
1206 4145 1276 4204 ,σθω
1294 4133 1399 4187 attulit.

248 4220 445 4287 Fragmentum
464 4221 535 4274 illud
554 4226 583 4274 et
601 4238 645 4290 ap.
664 4222 820 4277 Nauokium
840 4227 869 4276 et
888 4239 931 4292 ap.
950 4223 1087 4278 Kochium
1107 4205 1268 4299 desideitur.

292 4309 334 4363 98.
354 4308 376 4378 1)
396 4309 440 4362 Ad
459 4326 542 4363 unum
561 4326 655 4364 omnes
673 4311 875 4365 contenderunt
886 4327 999 4380 gaesum
1012 4329 1062 4382 pro
1075 4319 1157 4382 γαῖαν
1170 4307 1303 4389 Phaniae
1316 4310 1398 4364 resti·

246 4398 379 4451 tuendum
392 4413 460 4463 esse,
481 4397 515 4453 of.
531 4399 595 4453 Hes.
610 4406 724 4469 γαῐσον·
744 4394 879 4470 ἐμβόλων
894 4393 1070 4471 ὁλοσίδηρον,
1090 4391 1108 4468 ἢ
1125 4391 1201 4485 tna?
1213 4391 1395 4468 ἀμυντήριον.

1188 4496 1195 4625 i
