3000 5040
729 272 794 341 205

164 423 256 501 κατὰ
278 424 344 522 τὴν
367 423 541 521 σταφυλὴν
559 426 668 519 ῥαγὸς,
692 427 734 500 οὐ
751 426 817 522 μὴν
835 431 951 520 ῥωγός.
976 426 1046 520 ῥώξ
1061 425 1124 521 γὰρ
1144 433 1250 502 εἰπεῖν
1267 440 1345 523 βαρ-

166 532 332 628 βαρισμὸς
349 542 407 608 καὶ
425 536 638 625 οολοιιιισμός
657 539 759 623 ἐστιν,
782 532 829 618 οἴς
850 558 952 628 φησιν
970 541 1109 619 Αἴλιος
1127 538 1345 621 Διονύσιος.

261 648 336 715 293.
367 648 541 715 Ειιεέαλῖι.
559 670 590 732 p.
608 648 684 726 998,
702 648 754 714 30.
787 650 884 714 δοκεῖ
899 653 1057 734 λέγεσθαι
1075 647 1132 714 ἐπὶ
1155 642 1283 737 ἀπάτης
1304 641 1345 717 τὸ

167 750 324 841 ῥινᾶνῐ)
352 746 399 832 ὡς
427 752 464 819 ἐκ
491 762 683 841 μεταφορᾶς
714 762 786 820 τῶν
815 747 862 821 δι’
886 747 1085 842 ὀσφρήσεσιν
1112 748 1347 842 ἅπατονμένιον

167 853 192 948 ἢ
215 862 272 927 καὶ
294 853 517 928 οἷπατοένταιν.
541 853 557 926 λ
586 863 622 927 δὲ
643 869 757 948 χρῆσις
780 867 838 948 τῆς
856 861 978 943 λέξεως
999 863 1057 926 καὶ
1078 854 1171 949 παρὰ
1189 865 1346 930 Παυοα-
1374 883 1387 923 5

168 969 253 1057 νέη,
280 961 318 1046 ὅς
344 986 462 1056 φησιν,
489 959 543 1035 ὅτι
565 965 664 1054 ῥινᾶν
685 960 726 1035 τὸ
751 967 932 1050 ἐξαπατᾶν.
974 968 1174 1055 Μένανδρος
1200 970 1253 1056 (fr.
1273 970 1347 1038 895.

170 1075 288 1162 Koek)

387 1173 452 1268 έγοὸ
477 1175 511 1248 δ’
529 1180 708 1268 ἐπίσταμαι
730 1178 828 1268 ῥινᾶν

171 1287 218 1354 ib.
234 1311 264 1373 p.
281 1289 377 1366 1822,
394 1290 447 1356 43.
472 1291 567 1355 δοκεῖ
583 1286 715 1376 ῥινᾶν,
733 1282 781 1367 ὡς
799 1291 856 1354 καὶ
875 1281 1021 1374 α’λλαχοῦ
1040 1287 1173 1377 ἐρρέθη,
1191 1289 1348 1375 λέγεσθαι

171 1387 215 1461 τὸ
234 1393 405 1478 ἐξαπατᾶν
422 1387 496 1480 [ὅτε
519 1388 644 1484 δηλαδὴ
669 1394 703 1462 αἱ
725 1393 815 1483 ῥῖνες
834 1390 1043 1483 ᾶπατήοουοι
1061 1392 1173 1482 κύνα]
1197 1397 1292 1484 φέρει
1311 1397 1348 1463 δέ
1362 1417 1388 1456 ιο

169 1510 291 1590 χρῆσιν
312 1511 371 1590 τῆς
393 1503 514 1584 λέξεοος
540 1500 662 1590 ταύτης
690 1503 728 1570 ἐκ
751 1499 955 1590 Μενάνδρου
977 1503 1116 1582 Αἴλιος
1139 1500 1348 1582 Διονύσιος

172 1600 215 1675 τὸ
237 1601 326 1695 ,ἐγὼ
349 1602 383 1677 ‹5'
406 1608 583 1695 ἐπίσταμαι
606 1606 735 1696 ῥινᾶνέέ.

264 1717 340 1783 294.
371 1716 543 1784 Eustath.
560 1740 592 1801 p.
614 1718 714 1794 1430,
733 1718 785 1784 39.
817 1707 871 1783 ὅτι
900 1718 935 1783 δὲ
964 1714 997 1782 οἱ
1024 1715 1159 1794 Αἰολεῖς
1184 1707 1225 1783 τὸ
1254 1727 1274 1782 5
1302 1715 1349 1794 εἴς

173 1806 404 1910 ῦτρέπουοι,
435 1819 644 1910 μυριαχόθεν
672 1826 785 1911 δῆλον.
832 1817 874 1889 οὐ
900 1816 966 1911 μὴν
994 1815 1079 1889 ἀλλὰ
1107 1825 1164 1889 καὶ
1191 1815 1259 1889 ἀπὸ
1286 1830 1349 1889 τοῦ

174 1926 320 2018 ῥοφεῖν
330 1935 372 2020 ¹),
399 1922 419 1998 ὃ
447 1927 568 2018 ῥοφεῖν
592 1930 747 2016 λέγουσιν
769 1924 882 2008 Ἴωνες
910 1932 967 1996 καὶ
994 1933 1131 2017 Αοοριεῖς
1158 1922 1243 1996 κατὰ
1271 1922 1350 2008 τοὺς
1365 1949 1390 1989 1⁵

174 2033 349 2116 παλαιούς.
381 2037 521 2116 Αἴλιος
548 2038 590 2105 δὲ
612 2034 821 2115 Διονύσιος
848 2033 969 2124 ῥόφειν
996 2040 1078 2125 φησὶ
1104 2036 1276 2123 λέγεσθαι,
1304 2029 1351 2114 ὡς

174 2141 329 2231 γράφειν,
351 2147 409 2211 καὶ
430 2141 599 2232 ῥόφουοιν
622 2139 669 2224 ὡς
690 2141 888 2232 γράφουσιν.

267 2252 341 2319 295.
373 2253 548 2319 Eustath.
570 2275 600 2336 p.
624 2254 703 2330 927,
721 2253 773 2319 54.
805 2249 974 2338 ῥῶποςῑ)
1001 2250 1118 2336 μέντοι
1145 2243 1267 2328 λεπτὸς
1293 2253 1352 2316 καὶ

178 2347 297 2445 ἀτελὴς
318 2354 456 2444 φόρτος,
479 2351 526 2437 ὡς
549 2358 585 2425 δὲ
607 2358 746 2436 Αἴλιος
769 2355 978 2436 Διονύσιος
1000 2357 1087 2442 λέγει
1109 2360 1167 2424 καὶ
1187 2359 1350 2434 ποικίλος.

175 2463 356 2551 γέλγην’)
376 2465 423 2544 δέ,
446 2482 583 2548 φασιν,
607 2457 712 2531 αὐτὸν
732 2461 846 2550 ἐλεγον
869 2462 903 2529 οἱ
924 2466 1072 2530 παλαιοῖ.
1097 2455 1192 2545 ὅθεν,
1215 2455 1308 2531 καθὰ
1332 2455 1392 2530 ὃν

177 2565 482 2659 ῥωποποῖληςῑ),
510 2563 601 2638 οὕτω
625 2563 725 2638 καὶὸ
752 2568 1050 2658 γέλγοπαῖληςΑ)
1078 2564 1099 2657 ἦ
1123 2570 1159 2636 δὲ
1182 2571 1268 2652 λέξις
1289 2577 1353 2637 τοῦ

177 2672 299 2763 ῥώπου
320 2674 413 2764 παρά
435 2701 473 2744 τε
496 2679 705 2767 Δημοσθένει
727 2681 784 2745 καὶ
808 2674 942 2765 ἐτέροις.
976 2681 1098 2762 [κεῖται
1122 2677 1158 2743 δὲ
1181 2679 1239 2743 καὶ
1260 2669 1352 2764 παρὰ

176 2791 229 2870 τῷ
250 2781 456 2871 Στράβωνι]
498 2785 537 2852 ἐκ
563 2783 689 2853 τούτου
718 2786 753 2852 δὲ
781 2788 839 2851 καὶ
865 2781 1276 2872 ῥωποπερπερήθραῖ)
1302 2808 1354 2860 τις

177 2892 393 2979 προοερρέθη
421 2891 477 2958 ἐπὶ
502 2889 697 2980 χυδαιότητι
724 2895 781 2959 καὶ
808 2895 956 2981 φλυαρίᾳ
984 2887 1237 2975 σκωπτόμενος,
1265 2879 1306 2956 οὗ
1332 2883 1353 2977 ἦ

178 2991 363 3086 παραγωγὴ
386 2991 472 3065 κατὰ
495 2992 535 3066 τὸ
561 2997 777 3086 δακτυλήθρα
800 3002 857 3066 καὶ
879 2991 922 3065 τὰ
941 2990 1049 3084 ὅμοια.
1077 2998 1214 3084 φέρεται
1238 2997 1274 3064 δὲ
1296 2998 1353 3062 καὶ
1366 3013 1393 3054 2⁵

179 3099 267 3191 ῥῆμα
290 3096 331 3171 τὸ
354 3102 592 3195 ῥωπέζεινέ),
616 3098 635 3174 ὃ
660 3109 758 3194 δηλοῖ
771 3100 813 3174 τὸ
833 3104 997 3194 σύμμικτα
1015 3107 1073 3170 καὶ
1092 3105 1354 3191 συμπεφυρμένα
1426 3110 1427 3113 ’

179 3221 302 3278 ποιεῖν.

224 3425 287 3480 293.
306 3426 329 3492 ²)
348 3425 389 3480 ef.
408 3426 481 3481 Prol.
500 3443 528 3496 p.
546 3428 572 3482 3.
595 3432 651 3482 not.
671 3427 697 3481 4.
726 3428 808 3482 Gonv.
830 3428 909 3482 Phot.
933 3425 1015 3499 ῥινᾶν
1037 3422 1071 3481 τὸ
1091 3421 1250 3491 ἐξαπατᾶν·
1279 3412 1355 3479 οὕτω

181 3511 370 3585 Μένανδρος,
389 3515 423 3570 cf.
442 3515 510 3570 Hes.
529 3516 603 3570 Men.
623 3515 657 3571 fr.
676 3517 737 3570 895.
756 3517 844 3571 Kock.

225 3602 287 3657 294.
306 3604 329 3669 ¹)
347 3604 508 3658 Praecurrit
526 3604 560 3658 fr.
579 3606 603 3659 9.
634 3605 716 3660 Oonv.
734 3606 814 3660 Phot.
833 3605 899 3660 Hes.
920 3621 941 3660 s.
960 3622 985 3660 v.
1004 3600 1101 3675 ῥέψαι.
1120 3604 1165 3659 Et.
1178 3604 1217 3658 M.
1237 3602 1297 3667 705,
1310 3602 1353 3656 27.

181 3691 283 3760 Bergk.
302 3691 368 3761 Lyr.
387 3693 436 3746 11⁴.
455 3711 482 3762 p.
502 3694 563 3748 498.

225 3779 288 3835 295.
307 3781 329 3848 ²)
348 3781 416 3835 Cum
438 3779 525 3852 γέλγη
554 3781 584 3836 in
610 3798 666 3837 una
688 3784 781 3852 glossa
808 3783 983 3838 coniunctum
1005 3782 1084 3835 Phot.
1104 3779 1140 3848 gl.
1159 3780 1184 3834 3.
1203 3778 1269 3833 Hes.
1289 3794 1311 3832 ε.
1330 3795 1355 3832 v.

182 3863 363 3938 ῥαποποῖλης
384 3872 416 3938 (s.
436 3887 461 3925 v.
480 3868 576 3942 ῥᾶπος
594 3888 656 3926 cum
674 3873 754 3927 Phot.
772 3874 809 3942 gl.
823 3875 847 3927 1.
867 3872 941 3927 Suid.
962 3868 1164 3926 contaminatus
1183 3869 1245 3933 est).
1269 3869 1301 3922 B.
1321 3868 1355 3922 A.

182 3957 226 4024 61,
244 3958 288 4013 32.
307 3957 352 4012 Et.
371 3959 410 4014 M.
430 3960 491 4025 705,
510 3962 562 4028 55,
582 3960 616 4014 cf.
636 3961 704 4015 Poll.
723 3962 772 4016 III.
792 3963 852 4016 127.
871 3962 931 4017 7Π.
951 3962 976 4015 8.
996 3961 1018 4013 Ι.
1037 3957 1080 4014 99.

273 4047 295 4114 ²)
313 4046 353 4102 ef.
372 4048 438 4103 Hes.
458 4049 523 4104 Luc.
543 4049 660 4118 Lexiph.
680 4051 705 4104 3.

272 4133 295 4202 8)
313 4136 513 4192 Demosthenes
531 4137 592 4207 ipse
611 4137 673 4203 fuit,
694 4138 729 4192 cf.
747 4136 818 4191 Plut.
837 4138 916 4192 Dem.
936 4138 961 4192 9.

203 4263 210 4277 .
273 4225 296 4292 ⁴)
314 4225 396 4281 Conv.
415 4227 494 4281 Phot.
512 4227 558 4281 Et.
577 4228 615 4282 M.
634 4227 696 4295 377,
711 4228 753 4280 29.
771 4225 837 4279 Hes.
856 4241 878 4280 ε.
897 4243 922 4280 v.
942 4225 990 4294 qui
1009 4223 1082 4278 lonis
1101 4222 1289 4277 testimonium
1308 4222 1355 4277 ad·

184 4313 269 4384 legat.
287 4344 324 4354 -
341 4317 388 4370 An
406 4331 469 4370 cum
486 4315 599 4371 Nubero
617 4317 696 4371 Phot.
715 4315 752 4384 gl.
771 4317 796 4368 1.
815 4313 891 4370 Suid.
911 4316 942 4368 B.
961 4314 995 4368 A.
1015 4314 1081 4381 299,
1099 4313 1143 4367 27.
1162 4311 1198 4367 ad
1216 4313 1294 4366 attic.
1313 4327 1357 4365 re·

185 4403 302 4460 ferenda
320 4404 385 4474 sint,
405 4405 519 4461 dubium
538 4409 589 4461 est.
