3000 5040
674 223 735 290 167

109 374 154 449 τὸ
189 382 331 468 συνέχον
360 373 440 461 τοὺς
472 379 668 459 δακτύλους.
707 384 764 446 καί
791 387 939 462 κιβωτοῦ
969 384 1019 464 δὲ,
1052 377 1098 462 ὡς
1126 387 1222 471 δηλοῖ
1247 380 1287 451 τὸ

111 487 373 576 ζύγαστρονί)
409 483 430 575 ι)
464 491 580 576 ξυλίνη
613 485 721 574 σορός.
764 482 855 573 παρὰ
892 498 941 575 τῷ
979 489 1181 576 ἐζυγῶσθαι,
1214 487 1288 557 οἷον

111 598 241 680 ,κοίλῳ
261 591 455 680 ζυγάστρῳίί
474 595 584 680 (Soph.
603 597 714 660 Traoh.
735 597 825 678 692),
849 594 901 678 [ἐξ
922 586 964 661 οὗ
986 597 1225 682 ααρέφθαρται
1247 591 1288 663 τὸ

110 698 439 787 κοινολεκτούμενον
462 705 655 788 σίγιστρον)
698 704 755 767 καὶ
782 697 891 786 θύρας
922 703 957 767 δὲ
986 695 1082 788 ζυγὸς
1111 696 1129 769 ὁ
1156 696 1288 788 μοχλὸς,

114 799 204 875 ὅθεν
231 801 270 875 τὸ
299 807 499 894 ἐπιζυγαὸσαι
522 805 638 894 θύρας.
672 810 901 885 Παυσανίας
925 810 961 874 δὲ
986 801 1076 874 οῧτοο
1100 812 1193 896 φησὶ·
1227 815 1287 891 §v-
1316 829 1328 866 ⁵

114 910 276 1000 yaioffl).
305 906 381 980 ἄντί
403 923 465 980 τοῦ
488 915 633 997 καθίζω,
657 911 804 999 ὁάμάσοο.
849 911 1025 1003 [Αἰσχύλος
1049 918 1155 1001 Κίρκῃ
1179 920 1288 982 Σατυ-

113 1029 203 1108 ρικιῇ
227 1021 264 1087 fr.
287 1021 357 1087 115.
376 1021 512 1106 Nauck]

681 1205 720 1264 H.

208 1360 280 1424 189.
312 1359 483 1424 Eusloth.
507 1383 536 1444 p.
563 1360 662 1436 1761,
686 1360 737 1425 50.
770 1352 810 1425 τὸ
839 1360 874 1424 δὲ
903 1362 959 1424 καὶ
985 1361 1212 1446 προόηλαοθὲν
1240 1357 1288 1441 ἔα,

113 1456 156 1534 οὗ
173 1471 288 1552 χρῆσις
305 1467 363 1530 καὶ
382 1465 418 1531 ἐν
436 1473 486 1550 τῷ
508 1477 621 1546 ,τοῖος
640 1461 699 1530 ἔον(
723 1463 941 1531 διαλελύσθαι
964 1468 1058 1531 δοκεῖ
1080 1459 1148 1532 olai
1171 1474 1234 1532 τοῦ
1256 1456 1288 1554 ἦ,

112 1561 157 1639 οὗ
184 1569 294 1660 μνήμη
321 1573 379 1638 καὶ
405 1564 496 1658 παρὰ
524 1572 651 1657 Αἰλίῳ
680 1573 914 1659 Διονυσίῳ1)
939 1569 1078 1650 εἰπόντι,
1102 1564 1155 1639 ὅτι
1177 1568 1288 1652 Ἴωνες
1303 1594 1327 1631 10

111 1679 176 1764 μὲν
204 1677 243 1744 ἔα
270 1681 389 1761 φασὶν,
411 1670 551 1745 Ἀττικοὶ
580 1679 615 1744 δὲ
642 1668 662 1765 ἦ
689 1675 964 1762 μονοσυλλάβοος,
993 1677 1025 1744 οἱ
1050 1680 1085 1744 δὲ
1107 1681 1202 1764 μέσοι
1226 1672 1288 1746 σὺν

112 1794 165 1871 τῷ
184 1793 225 1852 νῦ
244 1781 329 1866 οίον,
347 1777 482 1871 ,ἐπειδὴ
500 1778 620 1869 μεστὸς
637 1774 689 1871 ἦν,
709 1779 956 1871 ἀνεπαυόμηνίί.
980 1779 1019 1851 τὸ
1041 1787 1077 1851 δὲ
1098 1789 1214 1871 τρίτον
1233 1781 1288 1853 οὗ·

114 1891 248 1972 δέποτέ,
271 1909 406 1978 φησιν,
430 1885 511 1956 ἄνευ
528 1899 592 1956 τοῦ
615 1899 665 1956 νῦ.
700 1889 836 1976 ἕτερος
860 1891 900 1957 δὲ
923 1888 1051 1977 ῥήτωρ
1075 1890 1207 1978 γράφει·
1250 1890 1288 1958 ἔα

113 2001 172 2064 καὶ
195 1997 233 2064 ἐν
256 1997 443 2083 συναιρέσει
465 1986 494 2085 ἦ.
514 1991 627 2074 Ἴωνες
652 1998 687 2063 δὲ
712 1997 918 2076 ἐκτείνοντες
940 1987 983 2084 ἦά
1006 2018 1118 2081 φασιν.

207 2107 279 2170 190.
312 2104 483 2169 Eustoth.
503 2127 532 2187 p.
555 2106 654 2181 1417,
675 2105 723 2170 18.
763 2095 851 2182 ὅλως
879 2105 915 2169 δὲ
943 2098 1030 2170 κατὰ
1057 2114 1170 2172 πᾶσαν
1197 2109 1328 2194 uim-1⁵

115 2230 170 2278 σιν
197 2203 239 2276 τὰ
267 2203 335 2276 ἀπὸ
363 2218 426 2276 τοῦ
452 2202 524 2297 ἥδοο
554 2207 758 2276 δασύνονται
786 2203 832 2287 ὡς
860 2212 915 2275 καὶ
944 2203 984 2276 τὸ
1013 2205 1157 2278 ἁνδάνοο.
1195 2206 1288 2279 καθὰ

115 2320 214 2406 δηλοῖ
238 2309 280 2383 τὰ
307 2309 399 2402 παρὰ
426 2325 476 2402 τῷ
507 2324 655 2403 τραγικῷ
683 2317 792 2402 (Soph.
816 2318 889 2383 Ant.
914 2320 1002 2402 501.)
1037 2311 1287 2400 ἄφανδάνοντα.

115 2426 174 2490 καὶ
202 2416 377 2506 ἄφάδιον
404 2415 496 2509 παρὰ
519 2425 728 2512 Παυσανίᾳ
745 2415 795 2488 ,τὸ
824 2416 949 2509 ἐχθρὸν
977 2426 1034 2488 καὶ
1058 2417 1287 2510 ἄπαρέσκονῑ)

114 2533 172 2597 καὶ
199 2519 293 2617 ἦδος
321 2530 356 2596 δὲ
384 2522 424 2595 τὸ
446 2529 508 2614 μὲν
532 2523 656 2612 ὄφελος
679 2533 836 2612 ψιλοῦσιν
860 2527 893 2594 οἱ
915 2532 1053 2606 πλείους
1063 2532 1089 2614 2)
1118 2524 1164 2608 ὡς
1188 2554 1287 2615 μετα-

114 2637 271 2703 πλασθὲν
300 2635 337 2701 ἐκ
364 2643 423 2722 τῆς
450 2629 572 2723 ἡδονῆς
596 2635 642 2712 εἰς
664 2649 836 2721 τροχαῖον,
865 2635 920 2701 ἐπὶ
944 2637 979 2701 δὲ
1003 2629 1102 2716 ὄξους
1126 2634 1287 2702 θασύνου-
1303 2651 1329 2690 20

115 2761 177 2811 σιν.
201 2743 339 2820 Α’ίλιος
361 2751 446 2828 γοῦν
470 2739 680 2820 Διονύσιός
702 2759 817 2828 φησιν·
841 2733 934 2828 ἦδος
957 2735 997 2807 τὸ
1021 2737 1098 2822 ὅξος
1123 2740 1287 2809 δασύνου-

117 2869 172 2916 σιν
195 2847 229 2914 oi
246 2841 386 2915 Ἀττικοί
396 2852 437 2931 3)·
475 2852 531 2914 καὶ
558 2845 671 2914 πάντα
698 2841 740 2913 τὰ
769 2858 923 2929 τοιαῦτα,
952 2845 1026 2914 οἷον
1050 2853 1106 2915 καὶ
1128 2842 1287 2936 ἡδυλισ-

206 3012 228 3075 ⁴)
247 3009 352 3063 Eodem
365 3009 491 3064 doctrino
504 3008 609 3062 eisdem
620 3008 712 3062 vorbis
725 3008 800 3062 redit
810 3025 854 3077 op.
867 3008 945 3062 Eust.
958 3004 986 3077 'p
1001 3009 1133 3074 160414.
1158 3005 1185 3062 oi
1195 3007 1225 3062 δὲ
1236 3026 1288 3062 πα-

114 3099 192 3153 λαιοί
214 3114 302 3167 φασιν
326 3141 331 3152 .
352 3141 358 3152 .
383 3091 477 3168 ἕτερον
501 3095 532 3150 δέ
552 3113 623 3165 φασι
642 3099 700 3151 κτλ.
729 3097 774 3150 Et.
794 3097 832 3151 M.
856 3098 921 3160 412,
942 3099 984 3152 29.
1009 3114 1043 3151 ex
1067 3098 1121 3150 lex.
1141 3099 1221 3163 rhet,
1240 3097 1288 3151 ubi

115 3189 166 3242 sub
190 3186 272 3242 finem
296 3187 382 3242 habes
406 3190 450 3252 (=
469 3187 547 3240 Phot.
567 3185 653 3252 Suid.)
677 3182 755 3256 παρὰ
780 3187 901 3254 Δελφοῖς
924 3184 955 3240 δὲ
978 3189 1106 3241 καλεῖται
1130 3182 1289 3256 ζύγαστρον

115 3272 149 3331 τὸ
168 3271 492 3347 γραμμματοφυλάκιον,
513 3274 547 3328 of.
561 3275 685 3344 Heyden.
701 3293 728 3343 p.
744 3274 804 3328 196.
818 3276 878 3328 201.
892 3276 952 3330 210.
965 3276 1073 3329 Nauck.
1092 3275 1157 3329 Eur.
1172 3275 1205 3330 fr.
1219 3277 1289 3330 1110

115 3365 202 3434 igitur
220 3365 368 3420 delendum
387 3370 437 3418 est.
1268 3360 1273 3367 '

205 3455 226 3520 ὅ)
245 3469 321 3508 conr.
341 3454 420 3507 Phot.
441 3457 470 3507 et
488 3453 564 3519 Hes,
584 3452 656 3506 unde
675 3451 864 3506 testimonium
882 3452 986 3506 addidi.

161 3542 221 3598 189.
240 3544 262 3609 1)
286 3541 326 3597 ef.
349 3542 427 3596 Eust.
451 3543 517 3606 883,
541 3542 687 3606 201759,
714 3543 738 3594 1.
777 3542 822 3593 An
845 3542 923 3595 Phot.
943 3557 963 3595 s.
984 3558 1007 3596 v.
1027 3531 1053 3609 ἦ.
1083 3541 1157 3596 Suid.
1178 3557 1198 3594 s.
1219 3559 1242 3595 v.
1263 3529 1288 3608 ἦ.

116 3630 182 3684 Hes.
202 3647 224 3684 s.
243 3647 267 3686 v.
286 3620 317 3699 ἦ,
344 3623 389 3694 ἔα,
413 3631 503 3685 Schol.
524 3631 594 3684 Plot.
615 3631 807 3684 Conv.173A.
832 3629 921 3684 Schol.
941 3632 988 3684 Ar.
1009 3631 1091 3698 Vesp.
1112 3631 1190 3683 1019.
1211 3631 1288 3684 1074.

115 3722 170 3774 huo
183 3718 331 3774 referenda
345 3720 409 3784 sint,
425 3720 547 3786 dubium,
563 3735 623 3773 oum
639 3718 669 3771 in
684 3718 810 3772 doctrina
825 3718 971 3772 tritissima
986 3718 1032 3772 vix
1048 3734 1082 3771 ex
1098 3717 1195 3787 glossis
1211 3722 1289 3772 certo

117 3807 223 3862 indicia
243 3807 349 3874 elicias,
369 3808 469 3876 quibus
488 3808 575 3862 fretus
595 3807 727 3860 nonnulla
746 3808 781 3861 sd
800 3808 861 3861 Ael.
882 3807 961 3860 Dion.
981 3808 1115 3861 reducere
1134 3806 1230 3875 possis.

160 3898 222 3952 190.
242 3899 263 3963 ι)
281 3898 360 3951 Duae
384 3898 491 3965 glossae
515 3912 560 3964 ap.
580 3896 645 3949 Hes.
665 3896 710 3949 Et.
729 3897 766 3949 M.
787 3898 852 3962 174,
872 3896 913 3950 50.
940 3891 1073 3964 ἀφοίὸιον,
1099 3891 1223 3963 ἀφασίαν
1242 3911 1288 3948 ex·

116 3991 186 4052 tant,
206 4001 274 4054 quos
294 3988 390 4040 ambos
410 3987 533 4039 tribuere
552 3986 633 4038 Pous.
653 3986 733 4050 malo,
755 3985 826 4052 quod
847 3985 948 4052 altero,
968 3984 1113 4052 Eupolidis
1132 3983 1289 4038 testimonio

116 4090 160 4144 ap.
179 4075 225 4128 Et.
244 4075 282 4128 M.
302 4079 408 4142 ornato,
427 4074 548 4128 recurrit
566 4090 609 4142 op.
631 4075 660 4128 B.
681 4075 714 4127 A.
733 4074 795 4135 468,
815 4074 858 4126 25.

206 4163 227 4234 9)
247 4164 329 4218 Conv.
349 4163 423 4218 Soio.
447 4151 526 4231 ἦδος·
556 4155 661 4230 ὄφελος
684 4165 825 4231 ψιλοῦται.
860 4162 894 4216 cf.
913 4162 957 4215 lot.
977 4163 1014 4215 M.
1034 4163 1100 4230 420,
1120 4162 1162 4216 24.
1187 4162 1287 4216 Herod.

116 4253 158 4306 ed.
179 4252 267 4306 Lento
285 4254 307 4306 I.
328 4253 450 4320 537,12.

205 4340 227 4408 ⁸)
246 4341 327 4396 (lons.
347 4342 425 4396 Phot.
444 4342 513 4396 Lex.
532 4342 645 4397 Bochm.
665 4341 726 4407 249,
746 4342 788 4396 13.
809 4340 843 4395 cf.
861 4341 905 4395 Et.
921 4341 958 4395 M.
973 4341 1033 4406 626,
1047 4341 1090 4395 58.
1110 4340 1155 4394 Et.
1169 4337 1214 4394 Or.
1230 4339 1289 4405 118,
