3000 5040
722 224 766 292 64

161 388 301 476 ἕβδομος
327 389 439 464 adicit,
465 389 551 453 unde
573 387 723 471 suspicio,
750 408 808 471 per
829 385 960 452 Suidam
983 383 1185 454 Pausaniam
1208 383 1254 453 ad
1274 406 1336 461 ¹nos

159 497 347 583 pervenisse,
366 495 504 561 reicitur.
528 494 674 578 Inprimis
690 496 723 558 in
737 500 845 578 partes
859 499 933 559 sunt
951 494 1110 560 vocandae
1123 494 1221 580 gloss.
1231 494 1334 561 πέλα-

160 629 214 671 νοι
233 603 383 689 ap.Phot.
394 602 481 668 Suid.
496 601 637 666 πέλανοι
653 601 807 685 πέμματα
824 598 861 665 έκ
878 595 1047 687 παιπάλης
1065 605 1121 687 (an
1139 596 1273 688 πάληςλ
1296 601 1332 669 cf.

160 714 198 777 fr.
218 713 291 777 271.
314 714 421 795 πολῆς
439 708 530 773 Phot.
550 703 666 794 πώλης
688 708 761 773 Hes.
781 747 823 756 —
847 707 997 773 Mendum
1019 708 1118 792 igitur
1140 707 1206 773 iam
1230 709 1331 775 codici

160 818 358 884 Pausaniano
372 817 484 892 inerat
498 837 592 899 quem
606 815 653 879 illi
668 815 813 880 manibus
826 813 1018 899 versabant),
1040 813 1220 880 τουτέστιν
1234 807 1330 880 αἰλού-

159 949 233 1012 ρου,
257 923 303 1001 εἰς
321 925 447 991 θυσίαν
466 917 643 1007 ἐπιτήδεια.
668 923 793 1007 καρποὶ
814 921 922 1005 μέλιτι
942 920 1134 1006 δεδευμένοι
1153 917 1330 999 Διονύσιος

51 1038 62 1051 ”
163 1028 255 1121 Oppi&
273 1030 325 1118 (cf.
340 1030 419 1096 Nab.
435 1029 518 1094 Prol.
532 1051 562 1112 p.
573 1029 624 1092 66.
638 1029 723 1114 126).
734 1031 804 1092 κτλ.
833 1028 939 1094 Ceteri
954 1029 1015 1095 loci
1029 1028 1069 1093 de
1082 1028 1328 1113 pemmatologia

160 1147 300 1204 veterum
314 1143 443 1222 agentes
457 1136 541 1221 iique
556 1135 751 1200 celeberrimi
766 1134 839 1199 Ath.
850 1134 933 1200 XIV.
943 1157 973 1218 p.
984 1134 1205 1201 644-648A
1220 1137 1327 1222 (quem

160 1246 397 1313 Schoenemann
428 1266 457 1327 p.
482 1243 533 1308 82.
566 1242 732 1326 Pamphilo
764 1241 933 1306 restituere
960 1241 1081 1329 studet)
1109 1248 1143 1307 et
1169 1242 1251 1308 Poll.
1275 1241 1326 1308 Vl.

162 1355 180 1418 7
185 1354 303 1418 2-79.
323 1353 363 1417 ad
387 1351 473 1415 illam
498 1351 713 1432 quaestionem
736 1349 919 1414 solvendam
936 1368 1000 1412 non
1017 1368 1131 1432 magno
1149 1350 1223 1415 usui
1245 1336 1325 1416 s'unt.

159 1460 301 1527 πέλανοι
315 1459 399 1523 enim
413 1479 462 1540 ap.
479 1455 591 1520 Athen.
607 1454 765 1533 deficiunt,
779 1455 887 1537 Polie
903 1454 944 1519 76
959 1474 1032 1519 vero
1045 1453 1189 1519 πέλανοι
1204 1454 1241 1520 di
1254 1478 1325 1521 κοι-

159 1567 215 1631 νοὶ
237 1573 320 1631 πᾶσι
343 1569 438 1639 θεοῖς
465 1561 570 1627 habet.
616 1563 777 1626 Auxilium
804 1567 911 1626 autem
934 1560 1118 1646 suppeditat
1140 1561 1240 1647 Harp.
1257 1584 1282 1628 s.
1299 1583 1325 1628 r.

160 1673 328 1755 Δίδυμος
348 1669 385 1734 δέ
397 1670 522 1753 κυρίως
536 1669 617 1753 φησὶ
632 1660 671 1733 τὸ
687 1666 724 1731 ἐκ
737 1675 795 1754 τῆς
808 1664 977 1755 παιπάλης
994 1664 1116 1755 (πάλης
1135 1670 1205 1735 cod.
1221 1669 1259 1735 A.
1274 1670 1325 1757 D.)

160 1777 281 1861 πέμμα,
305 1775 341 1856 ἐξ
361 1765 400 1861 ἧς
422 1783 602 1840 ποιοῦνται
620 1775 784 1859 πέμματα,
807 1764 827 1860 ἢ
846 1766 988 1840 scalciati
1007 1781 1069 1841 τοῦ
1086 1772 1326 1844 reclarescat

159 1877 180 1970 ἢ
204 1875 257 1949 ὅτι
280 1877 382 1947 λευκά
407 1881 507 1947 ἐστιν.
545 1883 674 1967 Didymi
697 1883 794 1965 igitur
817 1883 961 1947 doctrina
983 1882 1017 1946 in
1039 1880 1251 1951 Pausanianis
1272 1907 1324 1969 ag-

160 1993 307 2056 noscitur.
340 1988 496 2053 Dubitare
515 2010 589 2054 vero
612 1989 694 2066 licet,
717 2011 757 2053 an
781 1990 921 2054 atticista
943 1989 1010 2072 ipse
1029 1989 1201 2074 Didymum
1225 1993 1325 2077 (cuius

159 2099 244 2162 lexin
276 2098 427 2162 comioam
455 2096 582 2160 subesse
609 2102 686 2179 puto
713 2103 843 2179 propter
868 2091 998 2181 χρήσεις
1024 2117 1045 2160 a
1072 2095 1172 2162 Suida
1198 2098 1324 2181 allatam

161 2203 284 2269 adierit.
335 2202 585 2268 Schoenemanni
617 2205 828 2268 coniecturam
856 2202 970 2268 Athen.
994 2203 1014 2266 l.
1036 2203 1056 2269 l.
1080 2204 1113 2267 in
1142 2204 1325 2270 collectione

160 2311 363 2377 hellariorum
391 2309 545 2393 imprimis
573 2311 661 2393 sequi
684 2309 883 2392 Pamphilum
892 2310 917 2394 ¹)
945 2315 1111 2394 sequentes
1138 2311 1238 2375 etiam
1265 2311 1326 2376 alia

160 2417 296 2483 liborum
316 2439 432 2502 genera
449 2417 512 2481 illis
531 2417 563 2479 in
586 2417 711 2500 paginis
733 2416 863 2480 laudata
885 2415 1045 2494 hahemus,
1068 2437 1202 2501 quorum
1226 2417 1325 2502 expli·

161 2527 243 2591 catio
259 2547 329 2590 cum
343 2525 492 2589 atticistis
511 2525 664 2600 concinat,
682 2523 720 2587 cf.
740 2529 844 2605 φθοῖς
862 2544 910 2606 ap.
925 2523 1016 2588 Paua
1031 2528 1064 2588 et
1081 2521 1156 2587 Ath.
1170 2545 1202 2606 p.
1217 2524 1325 2588 6471).

162 2632 323 2720 (descript.
338 2652 387 2714 ap.
403 2630 489 2695 Eust.
509 2630 603 2706 1753,
623 2630 657 2716 3)
682 2622 845 2713 ἀμφιφῶν
863 2652 911 2712 ap.
925 2629 1015 2694 Paus.
1031 2628 1082 2714 (cs.
1098 2628 1136 2692 fr.
1147 2629 1199 2696 51.
1215 2637 1281 2696 not.
1289 2630 1325 2718 4)

161 2744 193 2803 et
215 2737 290 2802 Ath.
309 2737 393 2803 XIV.
412 2760 441 2821 p.
461 2737 582 2814 645A.,
603 2737 751 2822 χαρίσιος
773 2759 822 2820 ap.
842 2737 931 2802 Paus.
951 2736 1003 2822 (ci.
1022 2736 1060 2800 fr.
1078 2736 1129 2801 94.
1148 2743 1215 2802 not.
1234 2737 1271 2821 6)
1294 2744 1326 2802 et

160 2843 234 2908 Ath.
258 2842 342 2906 XIV.
365 2865 393 2925 p.
418 2844 482 2907 646
497 2843 547 2920 Β.,
574 2838 693 2926 ψώθια
720 2842 772 2927 (cf.
796 2842 833 2906 sr.
858 2843 901 2907 30
928 2848 991 2907 not.
1015 2843 1050 2928 3)
1083 2848 1116 2906 et
1142 2843 1218 2908 Ath.
1235 2845 1324 2911 XIV.

159 2971 189 3032 p.
205 2948 268 3012 646
282 2947 313 3014 C.
341 2948 447 3013 Etiam
462 2949 535 3014 illae
549 2949 671 3033 glossae
690 2970 728 3013 ex
746 2949 881 3032 Didymo
900 2948 1033 3014 fortasse
1051 2970 1110 3032 per
1123 2949 1325 3034 Pamphilum

160 3055 209 3119 vel
237 3056 304 3120 eius
331 3077 539 3120 successorem
566 3056 608 3120 ad
636 3056 792 3121 atticistas
820 3061 1038 3138 pervenerunt.
1064 3096 1104 3104 -
1129 3057 1323 3142 Antiquissi-

159 3182 245 3225 mum
263 3167 423 3226 auctorem
441 3162 514 3228 Hes.
529 3185 552 3227 s.
567 3184 593 3227 v.
613 3165 693 3242 βοῦς
708 3156 766 3248 (²)
785 3162 908 3246 profert
922 3163 1138 3231 Clitodemum.
1156 3163 1323 3252 (Schmidt.

160 3269 296 3352 glossam
314 3267 401 3332 illam
416 3269 611 3353 Diogeniano
630 3271 746 3333 iniuria
764 3269 980 3358 abiudicavit).
1017 3270 1110 3354 Apud
1125 3271 1323 3338 Athenaeum

159 3375 287 3457 quidem
314 3374 418 3459 glossa
445 3375 500 3440 illa
526 3397 589 3440 non
612 3376 709 3451 redit,
738 3382 773 3440 ut
796 3377 835 3440 de
857 3377 1022 3460 Pamphilo
1049 3378 1128 3442 certi
1150 3379 1323 3462 quidquam

159 3549 295 3621 ἀμφιφῶς
313 3553 427 3622 γίνεται.
465 3554 525 3609 Non
546 3553 619 3606 enim
638 3552 718 3617 dicit,
744 3569 813 3620 quae
833 3555 893 3606 dies
911 3553 963 3607 illa
981 3555 1029 3608 sit:
1054 3555 1122 3609 dicit
1141 3571 1207 3610 vero
1225 3556 1322 3612 Snidas

159 3643 177 3695 l.
195 3642 212 3695 l.
235 3643 428 3711 μουνυχιῶνος
450 3637 538 3710 μηνὸς
561 3635 629 3710 ἕκτῃ
653 3638 700 3696 ἐπὶ
724 3639 800 3694 δέκα.
838 3642 914 3710 Quae
938 3642 994 3696 diei
1017 3643 1092 3697 illius
1115 3643 1241 3700 definitio
1264 3645 1323 3700 sine

160 3731 242 3785 dubIo
261 3731 420 3786 Philochori
438 3730 593 3800 fragmento
612 3731 739 3785 addenda
763 3736 813 3784 est.
847 3733 1007 3786 Athenaeus
1030 3733 1074 3786 vel
1096 3732 1127 3786 in
1150 3733 1323 3803 compilando

159 3819 302 3887 Pamphilo
322 3821 423 3887 omisit,
443 3820 488 3874 vel
507 3827 599 3875 textus
620 3823 761 3887 corruptus
781 3825 830 3874 est.
867 3821 997 3875 Fortasse
1014 3821 1144 3877 mendum
1162 3822 1192 3876 in
1211 3823 1324 3878 vocibus

160 3908 223 3976 Λίφ.
248 3905 279 3961 ἐν
294 3902 396 3978 Ἑκάτῃ
420 3909 503 3976 latet,
528 3926 598 3979 quae
623 3907 765 3963 comoed1a
783 3907 895 3963 aliunde
913 3926 967 3963 non
987 3910 1097 3979 cognita
1116 3915 1167 3980 est,
1186 3911 1221 3966 cf.
1235 3912 1323 3980 Koch,

160 3995 232 4050 Com.
245 3997 280 4050 II.
295 3997 328 4052 fr.
342 4001 384 4053 28.

248 4087 269 4151 1)
288 4087 431 4142 Laudatur
448 4087 608 4156 Pamphilus
627 4087 686 4156 ipso
705 4105 733 4156 p.
747 4088 833 4142 6450.

248 4173 268 4240 2)
286 4177 355 4244 βοῦς
373 4169 493 4245 ἕβδομος
508 4192 550 4244 ap.
564 4177 642 4230 Euat.
656 4178 743 4230 solum
757 4176 859 4241 extitit,
873 4192 927 4231 non
939 4193 984 4245 ap.
998 4177 1071 4232 Suid.
1084 4194 1105 4232 s.
1120 4195 1144 4233 r.
1158 4171 1323 4247 ἀνάστατοι,

159 4266 190 4314 ut
202 4277 286 4330 supra
305 4265 455 4319 docuimus.
486 4264 583 4319 Glosea
596 4272 638 4318 est
650 4264 926 4334 paroemiographica
944 4265 978 4320 cl.
992 4266 1066 4322 Suid.
1080 4267 1115 4336 gl.
1130 4268 1154 4320 1.
1169 4268 1241 4323 Mill.
1254 4268 1323 4325 Mel.

158 4367 184 4420 p.
198 4351 258 4406 367.
