3000 5040
722 260 785 331 209

254 427 328 495 304.
361 425 535 494 Eustath.
554 448 583 510 p.
608 425 686 503 746,
710 427 760 491 37.
797 422 942 512 τάπητες
971 427 1007 492 δὲ
1034 434 1099 492 νῦν
1125 416 1168 490 τὰ
1195 440 1338 511 προσκε-

164 530 302 618 φάλαια,
325 534 383 599 καί
406 533 600 621 σημείωσαι,
625 523 679 599 ὅτι
698 524 717 598 5
740 528 865 619 τάπης
883 524 1069 614 ὑπόκειται,
1093 525 1135 599 οὗ
1152 524 1218 620 μὴν
1236 529 1339 622 ὑπέρ-

164 664 287 722 κειται,
314 635 371 707 οίά
391 664 425 706 τι
448 641 637 723 σκέπασμα,
665 635 758 706 καθά
786 662 874 714 τινες
902 639 938 705 ἒν
963 635 1077 718 άλλοις
1100 641 1239 708 οίονται.
1282 645 1339 709 καί

163 772 240 826 ποος
263 749 361 834 δηλοῖ
380 753 484 812 τοῦτο
503 747 559 810 καὶ
578 738 598 831 ἡ
616 751 676 831 τῆς
693 745 814 826 λέξεως
838 744 1046 831 ἐτυμολογία,
1069 750 1341 836 παραγενομένης

166 853 204 920 ἐκ
227 861 291 920 τοῦ
313 859 495 921 πατεῖσθαι
518 853 571 938 (cf.
589 875 619 936 p.
641 852 736 930 1057,
758 855 813 938 10)
837 845 923 918 κατὰ
945 849 1138 937 μετάθεσιν,
1163 853 1199 937 ἐξ
1220 846 1261 921 οὗ
1283 853 1340 943 ῥή-
1368 869 1380 908 ⁵

165 984 271 1046 ματος
292 967 461 1047 παρῆκται
483 960 540 1024 καὶ
564 951 583 1023 ὃ
606 954 773 1036 ταπεινός.
799 957 927 1025 ἐοίκασι
946 960 982 1024 δὲ
1006 962 1063 1026 καὶ
1081 964 1253 1045 μαλλωτοὶ
1275 959 1341 1029 τά·

165 1069 323 1153 πητεςῑ)
356 1062 450 1132 εἶναι.
499 1056 584 1132 ὅθεν
617 1064 756 1143 Α’ίλιος
783 1063 994 1143 Διονύσιος
1027 1059 1340 1156 άμφιτάπητάςῑ)

167 1190 248 1260 φησι
271 1165 352 1250 τοὺς
373 1164 417 1260 μὴ
441 1167 693 1258 ἓτερομάλλονς,
717 1164 794 1237 ἀλλ’
813 1171 849 1253 ἐξ
872 1168 1041 1258 ἑκατέρων
1059 1182 1130 1239 τῶν
1148 1183 1262 1260 μερῶν
1285 1178 1340 1242 (ία-

168 1292 243 1356 σεῑς.
286 1279 343 1343 καὶ
366 1280 595 1356 Παυσανίας
619 1278 655 1344 aa
678 1277 778 1362 λέγει,
807 1270 859 1344 ὅτι
887 1271 1160 1366 άμφιτάπητες
1184 1279 1216 1346 oi
1240 1273 1341 1366 άμφί-

168 1386 339 1471 μαλλοιθ),
366 1381 399 1450 οἱ
427 1384 464 1450 δὲ
493 1379 707 1470 ἓτερόμαλλοι
734 1381 914 1471 τάπητες.
949 1385 1090 1463 Quocum
1116 1388 1185 1452 loco
1213 1391 1341 1453 aoniun-
1357 1409 1382 1448 ιο

169 1492 290 1576 gaudus
304 1497 353 1556 est
366 1493 448 1558 alter
463 1513 512 1575 ap.
523 1491 610 1556 Eust.
628 1492 721 1568 1645,
732 1491 783 1556 24.
807 1493 884 1577 περὶ
899 1492 935 1557 δὲ
948 1488 1110 1579 ταπήτων
1125 1485 1223 1578 άρκεῑ
1235 1493 1342 1560 εἰπεῖν

170 1590 255 1684 ἄρτι,
278 1588 332 1664 ὅτι
356 1595 484 1663 ἐοίκασι
506 1588 633 1663 ταύτόν
655 1620 739 1663 ποτε
764 1593 848 1663 εἶναι
872 1593 1017 1685 τάπητες
1039 1601 1096 1664 καὶ
1120 1596 1272 1681 δάπιδες,
1296 1595 1343 1679 ὡς

171 1705 268 1791 δηλοῖ
283 1705 529 1784 Παυσανίας,
553 1702 590 1769 ἐν
609 1698 660 1780 οίς
678 1721 759 1790 φησι
777 1701 1082 1792 ψιλοδάπιδαςί)
1102 1698 1203 1789 ψιλὰς
1220 1709 1277 1773 καὶ
1299 1700 1343 1794 μὴ

169 1802 361 1895 μαλλατάς,
389 1802 435 1888 ὡς
459 1802 584 1897 δηλαδὴ
608 1811 664 1876 καὶ
686 1815 874 1894 μαλλοοτῶν
898 1803 1010 1878 οὐσῶν
1033 1813 1201 1893 δαπίδων,
1229 1806 1343 1881 ὁποῖοι

170 1917 227 1982 καί
250 1914 284 1982 οί
306 1912 450 2004 τάπητες
474 1913 626 1983 ἐπιπολί.
1360 1940 1384 1979 15

261 2024 335 2089 305.
367 2024 539 2090 Eustaih.
558 2047 588 2107 p.
610 2023 705 2102 1625,
726 2025 773 2089 12.
807 2025 982 2109 zapooi¹)
1008 2025 1044 2091 (ii
1067 2029 1284 2107 καλαθίσκοι,
1308 2027 1344 2093 ἐν

171 2125 221 2208 οίς
247 2137 489 2216 τυροκομοῦσι,
520 2129 705 2216 κληθέντες
733 2121 823 2195 οὕτω
852 2122 943 2215 παρὰ
970 2123 1010 2196 τὸ
1038 2132 1152 2216 τέρσαι
1179 2125 1218 2199 τὸ
1247 2140 1345 2220 ξηρᾶ-

171 2259 238 2317 ναι,
257 2234 294 2302 ἐν
314 2231 365 2314 οίς
381 2239 615 2315 τερσαίνονται
634 2234 667 2301 oi
685 2237 791 2321 τυροὶ,
811 2225 869 2313 οὓς
883 2237 939 2300 καὶ
958 2229 1124 2315 πλεκτοὺς
1142 2236 1309 2324 ταλάρους
1318 2241 1344 2323 2)

172 2341 266 2439 ἐρεῖς.
290 2341 323 2409 οἱ
342 2343 378 2409 δὲ
396 2344 534 2409 παλαιοὶ
552 2334 615 2408 τὸν
633 2349 792 2408 τοιοῦτον
810 2335 937 2428 ταρσὸν
960 2344 1016 2408 καὶ
1034 2336 1162 2429 ταρρόν
1180 2345 1345 2430 λέγουσιν,

173 2448 205 2516 οἱ
227 2441 311 2535 μεθ’
327 2439 471 2536 (Όμηρον
495 2441 634 2536 δηλαδὴ,
663 2447 700 2514 ἐν
724 2444 774 2526 οίς
797 2451 854 2514 καὶ
883 2441 901 2515 ὃ
925 2441 1123 2536 κοομικὸςῧ),
1147 2451 1181 2515 οἳ
1202 2453 1259 2516 καί
1283 2475 1344 2533 φα·
1360 2471 1385 2510 ιο

173 2573 238 2639 σιν,
261 2547 315 2623 ὅτι
337 2546 460 2643 ταρράς
478 2547 518 2622 τὸ
536 2568 770 2640 τοροκομεῐον,
793 2557 849 2621 καὶ
873 2547 927 2622 ὅτι
950 2550 1140 2642 άρριχοιί)
1163 2557 1225 2641 μὲν
1248 2553 1344 2639 κόφι·

172 2793 243 2859 post.
263 2788 308 2843 Ei.
327 2787 396 2846 Gud.
417 2788 478 2856 637,
498 2789 541 2842 63.
560 2786 605 2840 Et.
619 2788 658 2841 M.
672 2788 732 2855 746,
754 2788 796 2841 17.
814 2817 850 2829 ·-
868 2788 997 2841 Fortasse
1017 2787 1102 2841 etiam
1121 2791 1215 2842 cetera
1234 2788 1269 2842 da
1284 2788 1346 2842 colu

173 2877 262 2934 allata
280 2878 317 2932 ad
335 2876 488 2931 atticistam
505 2876 662 2930 revocanda
681 2882 753 2943 sunt,
772 2879 804 2930 ut
821 2870 956 2944 ἠλακάτη,
977 2873 1093 2945 πτέρνα,
1113 2870 1259 2946 τράχηλος,
1279 2893 1346 2947 καρ-

171 2961 282 3036 χήσιον.
310 2965 493 3034 Subsequitur
510 2964 544 3019 fr.
564 2965 625 3019 194.

217 3055 280 3110 304.
304 3054 326 3124 1)
347 3053 387 3108 cf.
406 3053 439 3108 fr.
459 3054 520 3108 116.
553 3053 641 3108 Locos
659 3053 723 3108 ideo
746 3053 888 3118 coniunxi,
917 3053 990 3121 quod
1013 3054 1112 3110 eadem
1135 3054 1262 3108 doctrina
1285 3046 1347 3109 τοο-

174 3147 279 3212 iunata‚
298 3143 347 3198 aad
362 3141 483 3197 auctoris
498 3141 608 3196 nomine
623 3141 722 3196 omisso
741 3142 863 3196 occurrit
881 3141 959 3207 1057,
979 3141 1020 3196 12.
1041 3143 1159 3196 δοκοῦσι
1178 3140 1209 3196 δὲ
1228 3135 1348 3210 ἄμαλλα

174 3231 228 3300 μὲν
247 3228 277 3287 αλ
295 3226 481 3302 ψιλοτάπιδες
500 3223 584 3298 εἶναι,
609 3223 648 3294 ὡς
669 3232 719 3283 καί
738 3226 767 3283 αλ
786 3224 981 3299 ψιλοδάπιδες,
1006 3226 1183 3299 άμφίμαλλοι
1202 3229 1233 3285 δὲ
1252 3228 1279 3286 ολ
1297 3227 1348 3298 άμ·

175 3321 303 3391 φίταποι,
323 3315 508 3390 ἑτερόμαλλοι
527 3317 557 3373 δὲ
578 3314 605 3372 οὶ
623 3314 754 3388 τάπητες.
1262 3358 1264 3361 v

266 3410 288 3478 1)
306 3409 413 3463 Eadem
423 3410 491 3462 Poll.
502 3408 548 3463 VI.
560 3409 593 3475 9.,
605 3407 652 3476 qui
662 3407 778 3461 formam
788 3403 947 3476 ἀμφίταποι
956 3411 1059 3462 tuetur.
1074 3408 1114 3463 cf.
1124 3410 1190 3463 Ath.
1201 3410 1246 3464 VI.
1259 3409 1348 3464 255E.

266 3496 288 3565 ⁸)
308 3498 390 3553 Gonu.
409 3498 483 3552 Suid.
503 3499 534 3552 B.
554 3490 586 3550 Α.
606 3497 672 3562 389,
692 3498 734 3552 15.
768 3495 876 3551 Similia
894 3497 959 3552 Hes.
979 3500 1104 3552 Ammon.
1123 3515 1150 3566 p.
1171 3499 1230 3553 133.
1250 3498 1347 3552 Vaick.

176 3590 221 3657 (=
241 3586 286 3642 Et.
306 3586 375 3641 Gud.
396 3587 461 3651 671,
480 3587 533 3652 60.)
558 3592 586 3639 et
609 3585 638 3639 in
657 3584 774 3640 Scholiis
793 3586 829 3639 ad
848 3587 896 3640 Ar.
915 3587 987 3640 Plut.
1007 3586 1067 3641 527.
1097 3586 1350 3641 Commemorantur

177 3669 375 3744 άμφιτάπητες
393 3690 438 3743 ap.
457 3675 526 3729 Poll.
545 3674 580 3730 X.
599 3676 642 3729 38.
660 3676 692 3728 B.
712 3677 745 3728 A.
765 3674 808 3740 83,
827 3675 869 3729 15.

267 3766 289 3831 ⁴)
309 3763 391 3819 Gonu.
410 3763 488 3818 Phot.
507 3763 581 3818 Suid.
611 3763 719 3818 Similia
737 3763 803 3819 Hes.

221 3854 283 3909 305.
305 3855 325 3921 1)
343 3853 475 3907 Dubitari
493 3852 601 3920 nequit,
626 3854 693 3921 quin
711 3853 781 3906 haec
801 3851 892 3906 omnia
911 3868 946 3906 ex
964 3851 1103 3906 Pausania
1121 3849 1264 3916 fluxerint,
1289 3867 1349 3906 cum

178 3942 211 3997 ir.
231 3935 344 4013 άρριχοι
362 3945 415 4010 (no.
430 3944 474 4008 76)
493 3941 628 3995 insertum
647 3941 694 3996 sit.
714 3941 753 3995 ef.
768 3941 837 3996 Nab.
852 3942 889 3994 ad
901 3942 978 3994 Phot.
998 3941 1107 4010 ταρροί,
1127 3941 1231 4010 Freyer
1250 3957 1276 4008 p.
1290 3941 1350 3994 354.

179 4033 250 4088 Ptol.
270 4049 296 4102 p.
318 4034 358 4086 18.
378 4061 414 4070 -
433 4031 515 4085 Conv.
534 4031 661 4084 Eustath.
681 4048 707 4099 p.
727 4030 787 4093 843,
807 4031 849 4085 35.
869 4031 934 4084 Hes.
955 4029 990 4098 gl.
1010 4029 1123 4082 2.Ρο11.
1143 4029 1203 4083 VlI.
1224 4029 1283 4083 173.

269 4121 289 4187 ²)
309 4119 349 4175 Oi.
368 4137 394 4188 p.
414 4122 475 4175 699.
495 4122 537 4173 19.
557 4121 618 4186 850,
638 4121 679 4174 36.
701 4120 778 4182 1488,
798 4120 840 4174 58.
859 4119 903 4172 Et.
923 4119 960 4172 Μ.
980 4118 1041 4184 744,
1060 4119 1102 4172 56.

268 4209 291 4277 ³)
309 4209 419 4263 alludit
436 4210 473 4263 ad
491 4208 581 4262 lucum
600 4208 810 4262 celeberrimum
823 4207 893 4262 Nub.
908 4207 968 4262 226.
989 4207 1055 4261 Cum
1074 4211 1166 4261 nostro
1185 4201 1359 4291 κρεμαστῂρ

180 4299 386 4368 coniungendas
405 4304 456 4365 ast,
476 4297 510 4352 cf.
531 4297 620 4352 Schol.
641 4297 659 4350 l.
679 4298 696 4351 l.
717 4297 782 4350 Hes.
802 4290 907 4367 ταρράς
926 4295 962 4365 gl.
981 4297 1006 4351 2.

268 4388 291 4458 ⁴)
311 4385 351 4442 cf.
370 4385 403 4441 fr.
423 4387 466 4443 76.
484 4391 540 4442 not.
561 4390 585 4443 1.
604 4387 682 4442 Phot.
701 4388 719 4440 l.
739 4388 755 4439 l.
