3000 5040
719 236 762 301 68

159 397 374 481 Diogenianus
402 394 578 460 intercedat
606 416 647 460 an
676 395 738 477 ipsi
760 392 919 476 Pamphili
947 411 1026 475 opus
1049 390 1205 469 adierint,
1232 390 1336 457 adhuc

160 503 340 586 ambigitur.
368 502 429 566 Hic
443 501 499 566 illa
512 503 656 586 quaestio
672 501 839 566 inserenda
854 520 921 565 esse
936 497 1069 575 videtur,
1084 497 1146 563 etsi
1161 497 1334 583 Diogenis-

158 631 217 674 nus
240 611 286 675 ad
309 609 582 674 elementorum
606 608 775 673 ordinem
797 606 919 671 lexicon
943 626 1034 670 suum
1057 604 1226 688 disposuit,
1251 604 1334 689 quod

160 716 377 799 Diogenianea
395 736 415 779 a
432 714 627 797 Pamphileis
646 714 831 780 difficillime
850 717 1065 777 secernuntur.
1099 709 1134 776 Si
1152 710 1334 796 fragmenta

159 822 349 905 Diogeniani
367 827 612 904 perscrutamur,
634 842 698 886 non
721 821 824 885 multa
846 840 917 883 cum
939 817 1089 883 atticistis
1111 818 1234 884 nostris
1257 838 1331 883 oon·

159 929 298 1005 veniunt,
321 929 376 993 sed
400 929 497 1011 digna
520 928 553 991 in
576 949 658 1010 quae
680 925 916 995 accuratissime
938 925 1128 1008 inquiratur.

247 1034 388 1098 Primum
410 1034 502 1099 nobis
525 1035 663 1100 00001111
686 1033 776 1100 Phot.
797 1022 818 1097 d
838 1022 867 1097 ά.
890 1071 929 1079 -
951 1029 1179 1096 casavetere
1201 1028 1330 1114 γέλωτα

161 1142 265 1226 δηλοῖ,
288 1131 335 1217 ὥς
358 1157 439 1226 φησι
462 1136 684 1224 Διογενιανός,
707 1161 843 1222 quocum
866 1138 1003 1204 concinit
1025 1136 1115 1203 Eust
1138 1158 1168 1219 p.
1195 1134 1272 1213 855,
1290 1135 1330 1199 26

161 1245 213 1332 (11.
233 1246 323 1332 337.)
346 1247 402 1310 καὶ
425 1258 532 1311 κεῖται
556 1247 593 1312 ἐν
617 1246 754 1330 έπιλογῇ
777 1245 902 1326 λέξεων
926 1235 1055 1331 άρχαέᾳ,
1079 1233 1133 1308 δτι
1151 1237 1173 1306 t*
1193 1231 1253 1328 di²)
1277 1242 1329 1307 δα-

162 1352 290 1418 συνθὲν
317 1352 447 1437 γέλωτα
476 1353 577 1438 δηλοῖ.
624 1353 684 1418 Illa
712 1343 849 1438 ἐπιλογι)
876 1372 950 1416 vero
974 1349 1057 1415 Aelii
1080 1348 1227 1432 Dionysii
1254 1368 1330 1432 opus

161 1459 231 1537 fuit,
254 1459 292 1526 01.
310 1482 340 1543 p.
362 1459 412 1522 19.
458 1459 527 1536 Quo
550 1481 621 1523 cum
644 1459 713 1524 loco
736 1459 846 1524 statim
868 1458 964 1534 alter,
991 1455 1126 1521 fortasse
1150 1476 1190 1520 ex
1213 1454 1330 1520 Pausa·

161 1567 215 1630 nia
243 1566 417 1643 derivatus,
446 1567 682 1648 coniungendas
710 1571 771 1631 est:
803 1565 891 1630 Eust.
914 1587 945 1647 p.
971 1562 1070 1640 1533,
1091 1561 1144 1628 45.
1169 1561 1224 1647 (11.
1242 1559 1329 1646 413).

161 1683 268 1736 κεῖται
295 1677 377 1756 γοῦν
406 1670 447 1736 έν
475 1676 617 1756 λεξικῷ
645 1668 844 1756 ῥητορικῷ
866 1676 986 1734 ταῦτα·
1020 1667 1121 1748 οἴαξ·
1153 1662 1329 1753 πηδάλιον,

163 1769 275 1863 αὐχήν.
303 1769 560 1861 Διογενιανὸς
580 1777 626 1857 δέ,
649 1794 762 1864 φησιν,
785 1776 903 1853 οἴακας
925 1775 1022 1860 λέγει,
1046 1769 1096 1848 οἷς
1118 1764 1162 1837 τὰ
1184 1768 1329 1860 πηδάλια

162 1882 375 1967 στρέφουσιν,
397 1877 471 1969 ἤτοι
490 1880 637 1960 κανόνας
659 1885 716 1948 καὶ
734 1884 882 1968 κρίκους,
906 1873 953 1946 δι’
972 1870 1022 1945 οὖν
1042 1877 1076 1944 oi
1095 1875 1232 1963 ἱμάντες
1256 1878 1329 1944 διεί-

162 2011 288 2074 ρονται.
330 1989 467 2055 Lexicon
490 1996 596 2056 autem
619 1990 699 2055 illud
722 1989 915 2056 rhetoricum
938 1988 1114 2054 Pausaniae
1136 1983 1237 2051 1111000
1259 1984 1329 2050 inde

161 2095 330 2160 verisimile
352 2095 398 2173 fit,
421 2097 506 2180 quod
528 2097 607 2162 haec
629 2098 778 2179 leguntur
800 2117 849 2180 ap.
872 2096 961 2173 Euat.
984 2116 1014 2178 p.
1040 2091 1135 2170 1533,
1153 2091 1207 2157 44.
1231 2083 1274 2157 τὸ
1297 2089 1330 2156 δὲ

162 2197 339 2287 πηδάλιον,
363 2192 491 2267 dccxci
514 2199 677 2285 ἐφόλκιον
699 2201 838 2286 λέγεται,
863 2203 1020 2288 δηλοῦσιν
1043 2196 1077 2264 oi
1098 2199 1240 2264 παλαιοὶ
1263 2202 1330 2262 κτλ.

163 2308 269 2394 (Sequ.
288 2308 325 2372 11.
343 2308 433 2394 413.)
454 2316 486 2374 01
503 2332 533 2392 p.
555 2311 649 2386 1761,
670 2309 719 2374 12.
740 2309 792 2395 (11.
807 2307 886 2391 245)
907 2303 1081 2389 ἐφόλκιον·
1105 2296 1146 2370 τδ
1164 2300 1331 2391 πηδάλιον

161 2415 248 2500 λέγει
262 2405 440 2502 (Όμηρος),
460 2408 505 2492 ὡς
524 2407 657 2501 άρέσκει
671 2427 742 2492 τοῖς
755 2419 918 2491 παλαιοῖς.
939 2409 1100 2496 ἐφόλκιον
1113 2411 1232 2496 μέντοι
1245 2405 1332 2487 εἶδος

162 2523 286 2589 πλοίου
310 2560 351 2569 -
376 2524 433 2586 καὶ
455 2515 547 2608 παρὰ
570 2523 746 2609 Παυσανίᾳ
774 2517 904 2586 εἰπόντι
932 2519 1051 2604 λέμβος
1073 2522 1144 2582 κτλ.
1168 2555 1213 2566 -
1235 2518 1332 2583 Recte

163 2628 271 2693 Naber
284 2628 366 2694 Ρ101.
382 2651 411 2711 p.
427 2628 478 2692 27.
498 2650 536 2694 ex
554 2628 699 2694 hocloco
719 2627 831 2704 effecit,
849 2624 1106 2710 lexicographum
1125 2624 1217 2688 illum
1234 2622 1331 2710 (Pau-

163 2734 298 2818 saniam)
322 2735 386 2799 iam
408 2735 451 2799 ad
472 2735 703 2818 Diogenianum
726 2735 829 2818 ipsum
851 2753 1036 2817 provocasse
1059 2737 1093 2798 01
1114 2730 1151 2795 Ε.
1171 2730 1258 2796 illius
1281 2751 1332 2794 ex·

164 2841 367 2923 plicationem
384 2840 541 2922 integram
559 2842 594 2905 in
612 2862 704 2906 suum
722 2861 801 2924 opus
819 2839 1028 2906 transtulisse.
1067 2835 1186 2902 Contra
1208 2836 1333 2920 Boysen

163 2969 193 3030 p.
217 2948 268 3012 62.
296 2947 382 3011 haud
414 2947 537 3013 idoneis
570 2949 673 3013 causis
704 2947 882 3013 honorem
909 2949 1095 3031 impugnare
1128 2943 1245 3009 studet
1295 2941 1331 3006 ld

165 3053 248 3117 enim
272 3053 359 3117 nullo
383 3054 475 3119 modo
498 3055 652 3120 removeri
674 3056 806 3138 poterit,
834 3055 921 3138 Διογ.
947 3053 998 3133 δέ,
1027 3066 1122 3138 φησι,
1149 3047 1239 3134 λέγει
1261 3046 1331 3114 οἶα-

163 3180 304 3234 κας1100
327 3161 532 3242 interpretari
554 3161 649 3226 aliter
671 3183 733 3226 non
756 3182 861 3244 posse,
885 3181 992 3245 quam:
1014 3156 1258 3241 lexicographus
1280 3154 1333 3219 ille

164 3265 395 3348 Diogenianum
414 3265 492 3330 haec
513 3267 630 3332 dixisse
653 3265 801 3332 affirmat.
820 3305 863 3315 -
886 3267 937 3331 An
955 3265 1018 3330 alia
1036 3262 1228 3347 Diogeniani
1246 3261 1332 3344 trag-

165 3377 272 3435 menta
290 3370 402 3457 (veluti
425 3363 593 3451 ὑπόξυλος
615 3394 664 3458 ap.
683 3373 780 3439 Walu
800 3373 836 3437 V.
855 3395 884 3456 p.
904 3372 989 3449 486,
1011 3365 1170 3456 βρομήσει
1193 3367 1247 3456 (11.
1267 3365 1332 3454 96.)

255 3636 276 3706 1)
294 3636 393 3691 Nauck
416 3655 442 3707 p.
461 3638 513 3692 160
537 3638 658 3692 omnium
681 3653 777 3693 vocum
801 3635 999 3702 effutioiarum,
1023 3650 1090 3703 quas
1108 3634 1187 3689 Eust.
1205 3633 1257 3690 11.
1272 3649 1333 3690 0011-
1367 3662 1369 3666 ·

165 3725 263 3793 gessit,
287 3725 393 3780 fontem
416 3727 502 3781 fuisse
525 3744 622 3792 unum,
646 3742 763 3794 eumque
787 3728 835 3780 Ar.
852 3727 932 3796 Byz.,
957 3723 1084 3779 coniecit.
1122 3723 1226 3778 (1011110
1249 3723 1334 3792 001111,

164 3814 182 3868 J
184 3814 279 3868 ahrbb.
294 3815 388 3884 Suppl.
402 3815 464 3869 XII.
477 3833 504 3884 p.
517 3816 578 3870 366.
598 3832 633 3870 ex
652 3813 848 3870 diversissimis
862 3813 984 3869 fontibus
997 3813 1088 3868 locum
1100 3811 1181 3866 illum
1194 3811 1334 3882 couscrip-

165 3906 224 3955 tum
243 3918 304 3956 esse
322 3907 411 3972 putat.
439 3903 561 3958 Nauckii
576 3903 735 3958 coniectura
754 3903 839 3958 certis
857 3902 1011 3958 rationibus
1028 3899 1150 3956 stabiliri
1167 3916 1222 3955 non
1233 3904 1334 3970 potest

165 3990 259 4058 (φίττα
277 4008 321 4060 ap.
335 3991 406 4046 Mill.
419 3992 484 4046 Mel.
497 4009 524 4061 p.
537 3993 590 4047 436
610 3993 697 4047 solum
710 3990 908 4047 Suetonianum
927 3993 989 4057 001.)
1017 3988 1116 4044 (10111111
1135 3989 1335 4058 suspicionem

164 4078 229 4133 ideo
256 4080 449 4148 improbanda,
479 4081 550 4148 quod
573 4082 609 4136 ad
632 4068 650 4134 di
674 4069 705 4143 ά,
729 4076 779 4151 βή,
801 4075 890 4150 χύρρε
915 4079 1013 4134 Aelius
1035 4078 1116 4133 Dion.
1134 4078 1267 4134 laudatur
1290 4076 1335 4148 (01.

166 4166 200 4221 11.
214 4169 256 4223 97.
269 4169 345 4237 327),
364 4170 437 4222 unde
457 4169 608 4224 verisimile
627 4169 667 4238 fit,
687 4168 789 4235 exiis,
808 4183 879 4236 quae
898 4167 1118 4233 donationibus,
1139 4167 1240 4236 quibus
1257 4167 1292 4223 E.
1305 4167 1334 4221 iu

167 4257 299 4311 atticistis
318 4257 483 4313 adhibendis
501 4275 567 4313 usus
585 4265 637 4329 001,
656 4257 841 4328 exposuimus,
862 4257 946 4313 etiam
964 4257 1071 4326 reliqua
1090 4256 1181 4312 eidem
1200 4255 1334 4312 10111101-

165 4343 314 4400 tribuenda
333 4360 402 4400 esse.
