3000 5040
827 242 888 310 148

365 401 434 466 138.
468 401 640 466 Eustath.
660 424 690 485 p.
711 402 879 478 1386,47.
912 394 998 469 κατὰ
1026 404 1257 470 Παυσανίαν
1284 403 1343 468 καὶ
1367 402 1445 469 δω-

273 508 426 584 δεκίδες
439 509 578 573 θυσίαι
590 509 614 594 ¹)
631 504 762 574 δώδεκα
782 506 925 595 ἱερείων,
943 512 1021 596 περὶ
1039 498 1081 575 ού
1100 503 1272 597 εὑρήσεται
1286 501 1445 596 άλλαχοέ,

273 605 326 678 ὅτι
350 615 536 698 δωδεκήδες
559 607 620 682 σύν
642 624 692 703 τῴ
715 641 727 680 ι
749 617 926 703 γραπτέον.
952 613 1132 706 συνῄρηται
1153 613 1230 704 γάρ,
1254 635 1373 701 φασιν,
1398 611 1446 696 ὡς

271 714 311 786 τὸ
335 723 513 810 Βρισηίδος
535 726 710 810 Βρισήδος,
733 726 922 812 Καδμηίδος
945 726 1121 810 Καδμήδος
1143 717 1264 792 καὶτὰ
1288 716 1397 810 ύμοια.

245 848 258 888 ⁵
364 832 435 895 139.
469 831 643 897 Eustath.
660 855 690 916 p.
712 833 806 910 1760,
824 832 875 898 55.
910 833 1013 920 δῆλον
1038 832 1087 914 δὲ,
1111 826 1158 911 ούς
1181 831 1218 898 ἐκ
1240 827 1364 921 ταύτης
1386 835 1444 920 (so.

270 945 329 1024 τῆς
351 933 531 1025 Δωδούνης)
554 940 611 1004 καὶ
633 931 673 1004 τὸ
696 930 922 1025 παροιμιακὸν
945 941 1185 1006 Δωδωναῖον
1206 941 1444 1025 χαλκεῖονῑ),

271 1046 348 1131 περὶ
371 1034 413 1110 ού
435 1047 663 1123 Παυσανίας
686 1048 802 1133 φησίν,
830 1037 884 1112 ὅτι
912 1045 949 1112 έν
976 1043 1125 1130 Δωδώνη
1152 1051 1293 1114 πολλῶν
1315 1051 1443 1134 παραλ-

272 1148 384 1239 λήλων
411 1152 575 1237 κειμένων
600 1149 764 1240 λεβήτων,
788 1153 819 1219 εί
839 1178 890 1230 τις
913 1145 988 1232 ἑνὸς
1011 1146 1147 1239 άψεταί,
1170 1171 1284 1236 φασιν,
1308 1153 1346 1219 ἐκ
1370 1155 1443 1220 δια-

272 1261 369 1347 δοχῆς
395 1256 526 1337 πάντας
553 1252 652 1346 ήχείν.
686 1253 985 1349 Άριστοτέληςλ)
1020 1261 1056 1326 δε
1089 1257 1149 1327 δύο
1182 1256 1325 1339 στύλους
1358 1257 1444 1326 εἶναι

233 1388 259 1427 1o
272 1366 372 1452 λέγει,
400 1369 457 1431 καὶ
485 1366 540 1432 ἐπὶ
566 1367 627 1452 μέν
655 1367 804 1454 θατέρου
831 1368 953 1455 λέβητα
977 1363 1126 1450 ἑστάναι,
1154 1367 1209 1434 ἐπὶ
1233 1369 1269 1434 δὲ
1292 1368 1444 1454 θατέρου

271 1475 375 1539 παῖδα
398 1481 587 1559 κρατοῦντα
605 1469 756 1559 μάστιγα,
779 1464 817 1562 ἧς
834 1467 913 1553 τούς
932 1471 1070 1560 ἱμάντας
1085 1475 1247 1561 χαλκέους
1266 1469 1368 1553 ὄντας
1385 1477 1445 1540 καὶ

273 1570 464 1664 σειομένους
491 1572 552 1646 ὑπ’
576 1573 700 1667 άνέμου
726 1589 776 1668 τῷ
804 1581 916 1670 λέβητι
943 1579 1182 1669 προσκρούειν,
1209 1574 1272 1650 τὸν
1300 1582 1337 1649 δὲ
1358 1606 1444 1648 τυπ-

271 1683 415 1771 τόμενον
438 1680 539 1774 ήχείν.

364 1795 434 1860 140.
466 1794 638 1860 Eustath.
662 1817 691 1879 p.
710 1795 785 1873 975,
804 1795 855 1860 27.
884 1795 1023 1874 Αἴλιος
1039 1804 1122 1881 γοῦν
1140 1791 1352 1873 Διονύσιος
1369 1796 1443 1860 δω-

232 1919 257 1960 15
271 1896 425 1987 ριάζειν
449 1903 532 1988 φησὶ
553 1893 593 1966 τὸ
617 1903 844 1988 παραφαίνειν
866 1904 923 1968 καὶ
950 1909 1191 1990 παραγυμνοῦν
1212 1899 1303 1969 πολύ
1324 1925 1357 1968 τι
1379 1910 1445 1969 τοῦ

316 2151 375 2206 138.
397 2152 416 2218 ¹)
435 2151 493 2219 Quo
512 2167 573 2205 oum
591 2150 651 2206 loco
671 2166 801 2221 compono
822 2154 903 2220 1676,
922 2153 965 2208 40.
994 2148 1112 2223 ἐλέγετο
1130 2154 1179 2207 καί
1197 2149 1335 2216 δωδεκαῒς
1353 2151 1444 2206 θυσία

270 2232 287 2307 ή
308 2235 341 2294 έκ
361 2235 471 2294 δώδεκα
489 2235 600 2313 ζηίονή
615 2238 641 2294 δ’
662 2237 731 2309 αὐτή
750 2238 862 2296 παιδιὰ
881 2245 933 2296 τοῦ
951 2262 968 2311 η
987 2239 1130 2310 δωδεκηίς,
1150 2243 1223 2296 unde
1242 2243 1327 2297 otiam
1347 2242 1443 2296 obser·

271 2329 408 2384 vationcm
427 2330 634 2398 grammatIcam
653 2331 733 2384 Paus.
753 2331 849 2385 deberi
867 2332 953 2386 vides.
981 2331 1140 2401 Explicatio
1158 2331 1233 2386 redit
1251 2347 1296 2400 ap.
1315 2330 1391 2386 Suid.
1413 2335 1444 2384 et

272 2419 337 2473 Hcs.
357 2414 522 2483 δωδεκάδες.
552 2420 647 2474 Paullo
666 2419 770 2474 fusiora
789 2437 832 2489 ap.
851 2421 916 2475 Hes.
937 2416 1114 2489 δωδεκηίδες.

317 2510 375 2563 139.
398 2509 417 2575 1)
436 2508 582 2564 Simillima
601 2509 727 2564 doctrina
745 2509 775 2563 ln
794 2509 888 2564 codice
909 2509 1019 2564 Goislin.
1033 2508 1158 2576 Zenobii,
1178 2508 1212 2565 cf.
1231 2508 1334 2564 Zenob.
1353 2508 1402 2563 VI.
1417 2509 1443 2564 5.

272 2600 315 2653 ed.
334 2599 465 2667 Leutsch,
484 2599 533 2653 sed
551 2599 592 2653 ita
611 2602 779 2667 comparata,
799 2604 830 2652 nt
848 2596 946 2653 nomen
965 2599 1040 2654 illius
1053 2600 1174 2654 auctoris
1187 2597 1339 2669 (Damonis)
1359 2612 1444 2666 quem

272 2687 352 2742 Paua.
362 2688 534 2753 laudaverat,
552 2688 680 2742 Eustath.
690 2694 783 2742 autem
794 2689 866 2757 φασί
880 2703 945 2742 voce
960 2688 1019 2743 sola
1033 2687 1145 2754 indicat,
1165 2687 1292 2757 cognosci
1310 2689 1442 2756 nequeat.

273 2777 347 2831 Suid.
367 2781 411 2844 (=
430 2778 519 2832 Schol.
538 2777 607 2832 Ven.
627 2779 658 2832 B.
679 2777 710 2830 H
726 2778 797 2843 223.)
827 2777 993 2832 Δωδωνεῖον
1013 2779 1155 2848 χαλκεῖον.
1185 2772 1232 2832 έπί
1255 2778 1443 2847 τῶνμακρο-

272 2861 442 2936 λοχούντων.
472 2861 592 2934 Δήμων
615 2861 671 2937 γάρ
694 2882 792 2936 φησιν,
817 2855 860 2921 δτι
883 2861 992 2921 τὸτοῦ
1015 2862 1081 2930 Διὸς
1103 2873 1239 2934 μαντεῖον
1261 2861 1293 2920 έν
1317 2860 1442 2934 Δωδώνη

272 2953 372 3026 λέβησι
394 2956 597 3026 περιείληπται.
625 2952 742 3019 τούτους
765 2953 796 3010 δὲ
819 2950 923 3025 ψαύειν
946 2949 1083 3024 ἀλλήλους
1106 2957 1155 3010 καί
1178 2952 1374 3026 κρουσθέντος
1390 2957 1444 3009 τοῦ

273 3040 337 3107 ἑνὸς
349 3039 428 3113 ήχεῖν
442 3040 475 3099 έκ
488 3046 617 3113 διαδοχῆς
629 3039 748 3108 πάντας,
770 3037 808 3108 ὡς
826 3041 871 3099 διὰ
890 3047 997 3099 πολλοῦ
1016 3044 1147 3115 γίνεσθαι
1165 3047 1216 3114 τῆς
1234 3039 1304 3113 ήχῆς
1321 3039 1373 3112 τήν
1390 3060 1442 3098 πε-

273 3134 376 3203 ρίοδον.
393 3128 583 3203 Ἀριστοτέλης
601 3131 632 3188 δὲ
650 3137 709 3188 κτλ.
738 3130 873 3204 κέχρηται
892 3131 923 3188 δὲ
941 3135 976 3203 τῇ
994 3134 1134 3209 παροιμίᾳ
1153 3132 1320 3204 Μένανδρος
1338 3128 1370 3187 έν
1387 3127 1443 3186 Αύ-

272 3222 378 3292 λητρίδι
398 3222 440 3289 βε,
455 3224 496 3276 66.
509 3223 606 3288 Kock).
634 3223 713 3278 Unde
732 3223 898 3278 Pausaniam
921 3229 950 3277 et
972 3223 1062 3292 ipsum
1086 3224 1239 3278 Damonem
1256 3221 1443 3292 appellavisse

272 3315 396 3380 apparet.
433 3312 494 3366 Non
517 3311 603 3380 igitur
626 3318 680 3378 est,
705 3313 777 3380 quod
795 3312 954 3367 Aristotelis
973 3313 1006 3381 (ί)
1029 3314 1119 3368 locum
1138 3311 1280 3368 atticistae
1298 3310 1443 3366 abiudice·

271 3417 339 3455 mus.
364 3431 396 3438 —
418 3400 612 3469 Gopiosissima
631 3401 756 3456 doctrina
775 3417 817 3471 ap.
837 3402 931 3471 Steph.
951 3403 1016 3472 Byn.
1035 3419 1062 3471 p.
1081 3402 1147 3470 249,
1167 3403 1196 3468 5,
1222 3401 1373 3469 eodemque
1397 3415 1442 3454 or·

272 3489 336 3544 dine
356 3491 509 3558 procedens
528 3493 612 3558 atque
630 3506 673 3560 ap.
690 3490 809 3557 Suidam
829 3496 996 3546 asservatur.
1027 3491 1106 3545 Unde
1119 3490 1257 3545 Lucillum
1270 3489 1443 3544 Tarrhaeum

272 3580 427 3634 Pausaniae
437 3578 540 3633 fontem
553 3579 639 3633 fuisse
654 3579 827 3634 conlocarim.
846 3581 891 3635 An
905 3579 1065 3634 Aristotelis
1078 3596 1186 3648 nomen,
1198 3577 1341 3647 (Aristidis
1359 3577 1442 3633 resti-

271 3669 403 3723 tuendum
419 3672 469 3737 est,
485 3668 520 3723 ci.
530 3669 645 3735 Preller‚
664 3669 802 3724 Polemon.
814 3687 841 3738 p.
852 3671 896 3737 59)
912 3670 984 3738 quod
998 3674 1095 3738 aperte
1114 3668 1215 3724 falsum
1230 3673 1280 3737 est,
1299 3667 1355 3723 lam
1369 3667 1442 3722 Pau·

272 3759 365 3813 sanias
393 3758 463 3813 falso
493 3758 673 3828 descripserit
696 3761 726 3812 et
749 3775 783 3812 ex
807 3758 881 3813 illius
906 3775 988 3828 opere
1011 3758 1041 3812 ln
1064 3758 1175 3813 Suidam
1200 3763 1228 3812 at
1252 3757 1337 3813 schol.
1360 3757 1442 3812 Hom.

272 3847 430 3916 irrepserit,
455 3847 567 3902 dubium
587 3853 636 3902 est.
674 3847 807 3902 Doctrina
831 3848 928 3902 eadem
947 3863 991 3917 ap.
1010 3848 1136 3903 Strabon.
1160 3846 1235 3917 Epit.
1255 3845 1303 3901 lib.
1323 3846 1384 3902 Vll.
1404 3845 1441 3901 cf.

272 3938 323 3991 vol.
343 3938 378 3990 ΙΙ.
391 3954 417 4005 p.
432 3938 474 4005 73,
495 3939 535 3992 15.
555 3938 680 3992 Kramer.
699 3968 735 3976 —
753 3936 930 3992 Proverbium
948 3937 1050 3992 Iterum
1069 3953 1112 4006 ap.
1126 3936 1253 4012 Eustath.
1273 3952 1300 4004 p.
1320 3935 1381 4002 335,
1397 3937 1442 4004 36,

272 4025 318 4093 qui
337 4026 470 4094 Stephani
494 4026 632 4096 epitomen
657 4027 808 4096 excerpsit,
836 4027 938 4082 Zenob.
957 4027 1004 4082 Vl.
1025 4027 1054 4094 5,
1079 4026 1127 4094 qui
1149 4025 1243 4095 paullo
1266 4023 1355 4080 fusius
1374 4026 1442 4094 egit,

272 4130 363 4182 neque
382 4121 476 4170 tamen
494 4115 547 4182 ita,
572 4120 603 4170 ut
620 4116 695 4171 illius
714 4117 799 4171 verba
818 4133 880 4171 cum
898 4116 1040 4171 atticIstae
1060 4115 1185 4170 doctrina
1205 4115 1360 4184 comparari
1377 4130 1442 4185 pos-

273 4203 337 4259 sint.
356 4205 471 4273 Diogen.
495 4206 566 4260 VIII.
586 4207 629 4260 32.
649 4208 744 4275 Apost.
764 4206 812 4260 VI.
831 4207 874 4260 43.
894 4206 926 4260 G.
946 4205 974 4260 (ί.
994 4206 1030 4260 M.
1050 4205 1086 4260 II.
1105 4206 1148 4260 81.
1167 4204 1236 4259 Poll.
1255 4205 1302 4260 VI.
1322 4205 1383 4259 120.

362 4293 383 4362 2)
400 4295 535 4348 Doctrina
558 4295 750 4364 Aristotelica,
774 4311 845 4364 quac
868 4298 995 4365 vocat-ur,
1018 4293 1092 4350 redit
1114 4295 1145 4349 in
1163 4294 1227 4350 Cod.
1246 4293 1305 4350 Pal.
1327 4294 1386 4349 129.
1405 4292 1442 4349 of.

272 4381 370 4436 Philol.
389 4399 450 4439 nov.
469 4399 522 4438 ser.
541 4384 562 4439 I.
581 4400 607 4453 p.
628 4385 688 4439 196.
