3000 5040
678 263 739 328 143

207 423 281 488 124.
317 421 491 488 Eustath.
514 444 544 505 p.
569 421 646 499 756,
665 423 717 488 61.
754 419 840 487 ἔνθα
868 423 1048 509 σημείῳσαι
1075 422 1131 487 καί
1160 415 1207 500 ὡς
1234 420 1287 487 έν-

112 535 241 596 τεῦθεν
272 541 345 607 τοῖς
370 532 527 606 παλαιοῖς
559 525 692 615 ἐλήφθη
728 519 769 592 τδ
803 530 1289 612 διακονοφθαλμίζεσθαι,

114 626 202 721 ὅπερ
232 636 331 722 δηλοῖ
359 627 446 700 κατὰ
474 635 617 700 Αἴλιον
645 630 857 700 Διονύσιον
884 626 924 699 τὸ
953 627 1206 715 ύποβλέπεσθαι
1233 636 1289 699 καὶ

114 735 314 828 ὑφορᾶσθαι
338 733 502 827 ἀλλήλους
512 743 546 827 ¹).

209 848 281 914 125.
309 848 482 913 Eusteth.
502 870 531 932 p.
550 849 643 924 1208,
661 848 714 912 42.
743 846 868 933 εἴρηται
893 846 928 912 δὲ
947 849 1004 912 καί
1023 848 1289 934 διαληκᾶσθαι
1316 870 1329 910 s

116 945 211 1040 παρὰ
243 952 371 1038 Αἰλίῳ
398 954 605 1038 Διονυσίῳ.
644 952 753 1019 ἐκεῖνο
788 953 824 1019 δὲ
857 946 933 1018 ύντί
965 954 1201 1038 διαμοοκᾶσδαι
1233 956 1291 1020 καί

117 1061 308 1142 διαπαίζειν
332 1059 459 1147 εἴρηται
468 1063 504 1146 ¹).

208 1168 280 1232 126.
312 1167 485 1233 Eustath.
510 1190 539 1250 p.
565 1167 642 1244 749,
669 1167 718 1233 15.
757 1168 1011 1245 διαττᾶσθαι,
1039 1157 1059 1231 δ
1092 1165 1162 1232 ἐστι
1190 1162 1289 1253 σήθε-

117 1279 200 1341 σθαι
222 1264 309 1338 κατὰ
332 1273 475 1339 Αἰλιον
498 1270 725 1353 Διονύσιον,
750 1264 786 1350 ὅς
813 1290 930 1358 φησιν,
954 1263 1008 1338 δτι
1031 1273 1169 1337 διαιτᾶν
1191 1265 1290 1338 Ἀττι-

34 1460 41 1466 ,
116 1381 172 1446 κοί
199 1379 354 1464 λέγουσιν
381 1371 422 1445 τδ
451 1375 607 1466 οήδεινῑ)
635 1381 692 1444 καὶ
720 1379 981 1466 διηττημένον
1007 1370 1046 1444 τδ
1077 1379 1289 1465 σεσησμένον.
1306 1405 1330 1443 10

208 1487 281 1552 127.
322 1487 497 1551 Eusteth.
521 1508 550 1569 p.
577 1486 675 1562 1384,
699 1485 751 1550 45.
794 1481 993 1571 ἰπλήδυναν
1021 1477 1125 1551 αύτδν
1154 1485 1209 1570 (se
1227 1475 1290 1550 τὸν

116 1591 192 1678 Δία)
213 1583 300 1657 κατὰ
318 1583 381 1678 τὴν
403 1593 514 1657 κλίσιν
537 1588 570 1656 οἳ
587 1584 670 1674 μεθ’
682 1582 835 1678 (Όμηρον,
859 1583 906 1668 ῶς
923 1591 1063 1668 Αἰλιος
1081 1587 1290 1668 Διονύσιος

116 1696 251 1784 ἱστορεῖ.
284 1699 372 1775 Δίες
389 1693 451 1784 γάρ
471 1714 566 1784 φησι
583 1689 624 1762 τὸ
647 1689 884 1784 πληθυντικὸν
907 1704 970 1762 τοῦ
993 1691 1079 1778 Διδς,
1102 1699 1160 1762 καί
1183 1698 1290 1783 δρᾶμα

117 1796 228 1881 ούτοος
255 1802 502 1890 ἐπιγέγραπται.
545 1807 602 1869 καὶ
635 1802 669 1869 αἱ
702 1803 820 1891 ἐφεξῆς
846 1801 991 1882 πτώσεις
1018 1807 1108 1870 Διῶν
1135 1805 1191 1870 καὶ
1218 1806 1290 1870 Δισὶ

116 1913 174 1976 καί
195 1911 282 1988 Δίας.
1305 1936 1330 1975 15

208 2017 280 2082 128.
311 2017 488 2083 Eustath.
510 2039 541 2101 p.
561 2018 640 2094 203,
661 2019 709 2082 14.
742 2016 880 2094 Αἰλιος
909 2017 944 2082 δὲ
972 2013 1183 2095 Διονύσιός
1209 2035 1291 2104 φησι

116 2123 174 2188 καὶ
196 2113 250 2189 δτι
274 2123 415 2201 δίοπος
438 2115 457 2188 ὃ
480 2119 657 2206 νανῳύλαξ
665 2125 692 2208 ¹)
716 2116 763 2201 ὡς
786 2123 983 2190 ἐπισκοπῶν
1003 2115 1108 2210 αὐτὴν
1131 2126 1188 2189 καὶ
1211 2123 1289 2208 έςοο-

116 2237 197 2315 ρῶν.
225 2230 272 2296 ib.
291 2253 321 2314 p.
340 2231 395 2307 99,
412 2230 442 2295 2.
466 2221 484 2296 ὁ
510 2231 628 2307 δίοπος
647 2269 688 2278 -
712 2230 798 2311 λέξις
820 2222 903 2316 παρ’
922 2227 1078 2315 Αἰσχύλῳ
1100 2223 1289 2317 ἡγεμονική.

116 2335 162 2403 ib.
181 2359 211 2421 p.
233 2337 328 2414 1705,
347 2336 399 2402 53.
433 2337 560 2403 διέπειν
583 2329 622 2402 τὸ
647 2333 793 2422 ἐνεργεῖν
816 2336 914 2422 λέγει,
940 2328 1026 2403 ὅθεν
1048 2338 1106 2402 καὶ
1129 2338 1247 2414 δίοπος
1271 2329 1289 2402 δ

116 2438 299 2528 οἰκονόμος
320 2435 405 2530 παρ’
427 2439 583 2528 Αἰσχύλῳ
594 2445 629 2530 2).
1304 2468 1331 2507 so

162 2693 224 2748 124.
244 2693 266 2755 ¹)
284 2691 387 2747 Similis
411 2691 538 2747 doctrine
559 2707 603 2761 ap.
623 2692 688 2746 Hes.
708 2708 728 2747 s.
749 2710 773 2746 v.
794 2692 1116 2760 διακννοφθαλμίζεται·
1145 2688 1290 2762 δινποβλέ-

116 2797 213 2836 πεται·
243 2775 368 2835 διανεύει
386 2771 406 2848 ἢ
424 2775 546 2844 ἀναιδῶς
564 2776 744 2834 ἀνθίσταται.
773 2779 813 2835 ef.
827 2781 904 2835 Phot.
921 2781 995 2835 Suid.
1015 2782 1080 2835 Hes.
1101 2797 1122 2834 s,
1142 2797 1165 2834 v.
1185 2798 1290 2849 κννοῳ·

116 2869 259 2938 θαλμίζει.
279 2871 311 2923 B.
330 2873 364 2924 A.
384 2870 427 2934 48,
446 2870 488 2923 31.
508 2870 778 2938 κννοῳθαλμίζεται.
803 2865 925 2932 ἀναιδῶς
942 2871 992 2922 καί
1010 2866 1117 2936 ἰταμῶς
1135 2862 1200 2944 δρᾷ,
1224 2862 1290 2938 τρό-

118 2974 175 3013 πον
195 2958 213 3027 †
232 2953 403 3029 ματρύλλον.
433 2958 595 3026 corruptela
613 2960 734 3012 nondum
753 2961 852 3012 senata
870 2961 924 3025 est3
945 2973 980 3012 an
998 2953 1126 3028 μάχλονλ

160 3048 223 3103 125.
243 3048 264 3112 ¹)
282 3047 348 3101 Hes.
368 3047 609 3115 διαληκ[μ]ᾶσοαι.
630 3041 782 3117 διασύρειν,
803 3049 1013 3114 διαμωκᾶαθαι.

163 3137 224 3190 126.
243 3137 266 3203 ¹)
285 3135 366 3190 conv.
381 3135 456 3189 Suid.
470 3136 535 3189 Hes.
551 3135 655 3190 Timae.
675 3135 720 3190 Et.
739 3137 776 3189 M.
796 3137 857 3203 271,
877 3137 919 3190 36.
941 3137 1000 3203 710,
1019 3137 1071 3202 45,
1090 3135 1138 3190 ubi
1158 3135 1289 3206 etymolo-

116 3223 164 3292 gia
181 3223 301 3279 accedit.
319 3254 356 3264 —
374 3224 439 3278 Hes.
461 3225 477 3276 δ
482 3224 493 3276 ί
498 3240 612 3287 αττος·
632 3217 856 3294 ἡοίλενρδτησις,
876 3219 909 3278 τὸ
927 3219 1063 3278 κόσκινον
1075 3224 1215 3294 adiungit,
1234 3224 1289 3279 for·

116 3318 192 3367 iesse
210 3311 327 3382 originis
346 3312 460 3378 veteris,
484 3329 546 3367 cum
565 3312 621 3366 iam
644 3327 697 3367 vox
716 3313 859 3382 explicans
878 3307 1066 3383 ἀλενρύτιγσις
1084 3313 1216 3382 antiquae
1235 3313 1289 3368 ori·

118 3399 192 3470 ginis
211 3400 256 3467 sit,
276 3399 310 3455 of.
329 3402 397 3456 rou.
412 3401 474 3456 vn.
494 3402 536 3455 τι.
556 3401 590 3456 x.
612 3402 670 3456 114.
691 3402 721 3456 Β,
741 3401 774 3455 A.
793 3403 855 3470 382,
874 3402 917 3456 24.

153 3490 213 3544 128.
233 3490 255 3556 ¹)
274 3489 309 3544 cf.
328 3489 403 3544 Suid.
423 3483 533 3553 διόπος·
554 3482 570 3544 ὁ
589 3486 695 3543 διέπων
714 3492 763 3544 καὶ
782 3484 947 3554 διοπτεύειν,
968 3485 983 3544 ὃ
1002 3495 1052 3558 τῆς
1067 3486 1140 3554 νεῶς
1158 3487 1290 3559 ἐπιμελη-

116 3571 173 3645 τὴς.
202 3579 252 3631 καὶ
275 3575 368 3632 δίοποι
391 3573 419 3631 οἳ
436 3579 576 3648 βασιλεῖς,
600 3574 678 3648 παρὰ
701 3574 734 3632 τὸ
754 3575 861 3632 διέπειν
878 3569 897 3646 ἢ
916 3575 1085 3642 διοπτεύειν,
1114 3579 1147 3633 cf.
1167 3579 1233 3634 Hes.
1252 3578 1289 3647 gl.

116 3660 263 3720 διοπτεύειν
280 3668 325 3734 (=
343 3666 388 3720 Et.
408 3666 446 3720 M.
466 3667 532 3734 278,
552 3667 596 3736 6.),
616 3667 651 3736 gl.
668 3668 761 3721 δίοποι
780 3691 815 3710 =
834 3667 878 3720 Et.
898 3667 936 3721 M.
956 3669 992 3736 gl.
1011 3670 1041 3735 2,
1060 3667 1097 3736 gl.
1116 3668 1220 3730 δίοπος.
1244 3667 1289 3721 Et.

117 3751 188 3809 Gud.
199 3753 261 3819 146,
271 3755 314 3809 56.
324 3755 392 3809 Lex.
404 3755 515 3809 Bachm.
528 3757 587 3820 199,
599 3757 640 3810 30.
652 3756 785 3824 Harpocr.
797 3756 864 3810 Poll.
875 3756 936 3810 VII.
948 3757 1008 3810 139.
1028 3755 1085 3823 (qui
1095 3755 1290 3824 Aristophanis

118 3842 217 3897 comici
235 3841 422 3898 testimonium
441 3842 541 3911 affert).
571 3844 667 3898 Galen.
688 3845 776 3899 Gloss.
796 3844 927 3913 Hippoer.
938 3844 999 3898 Vol.
1014 3845 1091 3898 XIX.
1106 3861 1133 3912 p.
1153 3845 1187 3897 93
1206 3843 1290 3898 Kiihn

117 3929 228 3994 δίοπος·
248 3925 320 3995 νεὼς
339 3927 520 3999 ἐπιμελητὴς,
545 3929 623 4002 παρὰ
646 3929 679 3986 τὸ
699 3929 857 3987 διοπτεύειν
874 3924 893 3999 ἢ
913 3928 1021 3985 διέπειν
1040 3927 1074 3985 τὰ
1094 3927 1126 3986 έν
1144 3929 1223 4000 αὐτῇ.
1252 3931 1289 3985 Il·

116 4019 193 4088 berg,
214 4019 315 4074 comm.
328 4019 410 4075 Ribb.
427 4037 454 4088 p.
465 4022 526 4088 338,
541 4020 597 4074 iam
612 4016 684 4084 νεὼς
699 4036 732 4075 ex
748 4037 810 4075 mss.
829 4021 961 4074 restituit.
982 4016 1053 4089 αὐτῇ
1071 4037 1121 4089 pro
1137 4018 1216 4094 αὐτῷ
1231 4037 1289 4075 cor-

116 4108 186 4162 rexi.
205 4138 239 4146 -
259 4109 290 4163 B.
309 4111 342 4163 A.
363 4110 424 4174 237,
442 4109 477 4162 22
496 4104 684 4164 διοπαιπεύων
702 4111 798 4164 eodem
818 4111 897 4163 modo
917 4109 1040 4179 explicet
1058 4113 1142 4178 atque
1161 4113 1194 4164 A.
1209 4109 1288 4165 Dion.

118 4201 146 4250 et
163 4211 245 4266 reges
264 4194 428 4261 Morientur
446 4198 602 4266 appellatos
622 4214 682 4252 esse
702 4198 778 4252 dicit.
799 4197 833 4252 cf.
852 4199 897 4251 Et.
917 4199 954 4252 M.
974 4200 993 4252 l.
1012 4199 1030 4252 l.

209 4283 231 4352 ²)
250 4285 354 4340 Locum
372 4286 557 4356 Aeschyleum
582 4293 611 4340 et
633 4287 724 4355 ipsum
748 4286 888 4341 atticistae
908 4286 1004 4341 deberi
1023 4293 1141 4357 apparet
1160 4304 1194 4343 ex
1212 4288 1289 4342 Erot.

117 4389 143 4442 p.
163 4375 206 4439 61,
227 4374 269 4428 14.
288 4374 381 4428 Klein.
410 4369 512 4448 διόπῳ·
541 4379 581 4447 τῷ
604 4378 654 4444 τῆς
671 4371 743 4439 νεώς
767 4371 938 4444 ἐπιμελητῇ,
963 4373 1041 4448 παρὰ
1063 4372 1096 4431 τὸ
1121 4371 1288 4432 διοπτεύειν.
