3000 5040
650 258 692 321 23

89 415 202 484 σύκων
234 417 381 502 ἐξαγωγῇ
412 409 452 482 τὸ
484 409 631 483 παλαιὸν
659 409 818 503 ἀπείρητο
852 418 909 481 καὶ
940 407 980 481 τὸ
1009 417 1168 499 φαίνειν
1201 415 1253 482 ἓν·

89 521 306 609 δεικνύμενον
328 517 407 601 τούς
430 519 608 609 ἐξάγοντας
630 529 799 611 κληθῆναι
818 519 1040 604 συκοφάντας,
1063 545 1102 588 ex
1120 515 1254 604 άξόνων

88 638 179 697 textu
209 633 300 698 nobis
331 631 469 716 prolata:
484 615 487 619 ’
501 632 709 714 veriloquium
735 632 813 696 illud
841 626 1067 717 συκοφάντης·
1097 622 1164 696 άπὸ
1193 636 1255 695 τοῦ

89 741 222 822 φαίνειν
244 740 361 803 iterum
383 739 531 804 recurrit:
553 743 659 804 textus
683 759 756 803 vero
778 737 883 821 legum
903 737 1107 803 Solonearum
1126 737 1253 802 Plutar-

89 846 141 911 chi
168 846 363 929 temporibus
391 846 574 929 deperditus
602 845 655 931 (ef.
679 845 767 911 Grot.
790 845 872 910 Hist.
896 844 1047 910 Graeciae
1073 844 1114 909 II.
1137 867 1166 928 p.
1193 845 1255 910 103

88 958 153 1018 not.
176 953 234 1038 47)
268 953 385 1037 optime
417 951 563 1034 cognosci
589 951 694 1035 potuit
723 973 762 1016 ex
788 951 939 1036 Didymi
966 951 1048 1016 libro
1075 953 1153 1037 περὶ
1184 957 1256 1016 τῶν

89 1052 223 1140 άξόνων
244 1065 316 1124 τῶν
339 1053 502 1135 Σόλωνος
525 1051 722 1144 άντιγραφή,
745 1079 839 1141 quern
860 1058 941 1123 Plut.
962 1058 1026 1123 Sol.
1050 1060 1077 1122 1.
1100 1059 1167 1141 ipse
1192 1059 1254 1123 col-

88 1167 199 1232 laudat
222 1165 274 1251 (cf.
298 1164 450 1243 Schmidt,
473 1165 544 1230 Did.
567 1187 598 1248 p.
621 1164 715 1251 399):
744 1165 836 1230 facile
860 1166 958 1248 igitur
979 1165 1040 1230 tibi
1062 1168 1255 1248 persuaseris

88 1273 172 1338 huno
189 1273 306 1337 librum
324 1277 357 1336 et
374 1271 538 1336 Plutarchi
561 1277 593 1336 et
611 1271 883 1349 Pseudozenodori
902 1277 934 1336 et
952 1271 1163 1336 atticistarum
1185 1272 1254 1337 fon-

88 1386 154 1445 tem
180 1379 284 1445 fuisse.
330 1379 512 1462 Exiguitate
540 1383 665 1443 tantum
692 1378 941 1461 fragmentorum
967 1378 1184 1462 prohibemur,
1215 1400 1256 1443 ne

88 1487 271 1552 certissimis
301 1485 494 1569 argumentis
522 1486 732 1550 coniecturam
763 1491 905 1550 nostram
936 1483 1062 1550 firmare
1093 1485 1254 1569 possimus.

89 1632 130 1641 -
151 1593 239 1658 Mero
257 1597 365 1657 autem
384 1592 471 1657 casui
488 1592 523 1655 id
541 1591 745 1656 tribuendum
768 1613 836 1657 esse
853 1591 1000 1668 arbitror,
1023 1592 1255 1657 observationes

87 1721 161 1765 vere
183 1699 353 1783 Didymeas
381 1702 528 1782 excerpto
555 1699 611 1763 illo
633 1698 935 1782 Pseudo-Didymae
962 1700 1137 1784 περὶτῶν
1164 1689 1256 1784 παρὰ

87 1801 249 1871 Πλάτωνι
272 1798 517 1892 άτιοροομὲνων
541 1804 665 1886 λέξεων
688 1805 763 1870 olim
785 1806 951 1872 adiunctas
973 1805 1078 1872 fuisse.

176 1912 344 1998 Reliquum
371 1913 475 1978 adhue
502 1918 564 1990 est,
591 1919 629 1978 ut
655 1934 708 1979 eos
735 1914 819 1979 locos
846 1913 985 1978 breviter
1007 1913 1156 1991 indicem,
1178 1934 1255 1997 quo-

88 2042 161 2086 rum
182 2026 343 2086 auctorem
366 2019 493 2086 Aelium
513 2020 700 2105 Dionysium
727 2025 761 2085 ot
782 2020 972 2086 Pausaniam
998 2018 1094 2086 fuisse
1121 2021 1187 2085 veri
1213 2021 1256 2086 si·

89 2128 164 2194 mile
187 2133 244 2194 est.
288 2127 372 2193 Aelii
395 2128 541 2213 Dionysii
562 2132 670 2193 autern
692 2127 790 2193 fuisse
812 2133 904 2211 puto:
935 2128 973 2192 fr.
997 2127 1070 2194 334.
1094 2125 1256 2214 σορέλλην

89 2234 143 2322 (cf.
166 2240 230 2301 not.
255 2234 313 2320 6.),
336 2234 374 2300 fr.
398 2235 461 2300 341
487 2227 572 2320 άγμα
601 2240 633 2300 et
659 2230 762 2322 βήρηξ
784 2235 837 2320 (of.
862 2234 935 2318 Cap.
959 2235 996 2299 V.
1018 2239 1039 2317 ξ
1062 2234 1107 2322 2),
1130 2234 1167 2299 fr.
1191 2233 1255 2298 343

90 2324 229 2428 ἁθρόος,
251 2341 289 2406 fr.
309 2340 383 2408 ess.
407 2334 531 2427 ἄρκιος,
554 2341 591 2407 a.
611 2341 674 2406 aee
699 2337 855 2427 νριιιός,
877 2341 915 2408 a.
938 2341 1003 2406 aar
1027 2337 1099 2422 σοι,
1121 2341 1159 2406 a.
1183 2341 1258 2408 seo.

89 2441 277 2534 ἀσχέδωρος
296 2454 328 2513 et
346 2444 568 2534 καπρώζεται,
590 2448 628 2514 fr.
647 2448 719 2514 365.
743 2447 919 2534 Βέλλερος,
942 2447 979 2514 fr.
999 2447 1072 2514 307.
1095 2449 1257 2529 βίβλινον,

88 2555 127 2620 fr.
146 2556 219 2623 368.
242 2555 357 2640 γε’μμα,
380 2554 418 2620 fr.
440 2555 514 2620 384.
538 2547 711 2641 Ἐρετριεῖς
728 2551 999 2640 βαρβαρόφωνον,
1017 2555 1054 2620 fr.
1073 2555 1148 2620 390.
1171 2578 1255 2641 κρο-

88 2657 222 2748 ηγητήρ,
244 2662 281 2727 fr.
301 2661 375 2727 394.
398 2657 515 2743 βόλος,
537 2662 574 2728 fr.
593 2662 667 2727 408.
691 2657 808 2742 λωτός,
830 2661 868 2728 fr.
891 2663 966 2727 418.
990 2655 1099 2742 ὅσσος,
1121 2661 1158 2727 fr.
1182 2663 1256 2726 419.

88 2769 274 2850 καπκίζειν
297 2773 330 2834 et
352 2769 468 2834 similia
491 2769 543 2854 (of.
567 2768 642 2852 Cap.
665 2768 702 2833 V.
725 2771 745 2850 5
771 2769 822 2854 1.),
844 2768 882 2834 fr.
905 2769 980 2834 432.
1009 2773 1148 2848 σκῦλον,
1171 2760 1254 2834 ciao-

91 2871 307 2956 excidamur,
332 2875 369 2940 fr.
392 2876 457 2940 438
485 2871 665 2961 τιγγάβαρι.
691 2913 729 2923 -
756 2876 945 2941 Pausaniam
967 2881 1072 2941 autem
1095 2882 1256 2942 auctorem

89 2983 302 3048 demonstrari
328 3002 420 3066 posse
447 2982 533 3047 hisce
556 2983 590 3047 in
612 2983 724 3066 glossis
747 2982 899 3047 arbitror:
932 2982 969 3047 fr.
993 2982 1066 3048 351.
1090 2975 1256 3064 άλύσσειν,

90 3089 128 3157 fr.
148 3090 211 3154 371
238 3089 459 3170 ύνοτιαλίζειν,
483 3089 519 3153 fr.
539 3089 613 3155 377.
632 3085 698 3175 ἕλη,
721 3088 758 3153 fr.
778 3089 852 3154 380.
875 3085 1102 3176 ἐκικωνιητήρ,
1125 3091 1163 3156 fr.
1181 3092 1255 3158 401.

92 3200 307 3280 καλαμᾶσθαι
330 3202 363 3261 et
385 3196 513 3273 similia,
536 3196 573 3260 fr.
596 3195 670 3261 404.
694 3191 828 3282 κοτύλη,
851 3195 888 3261 fr.
911 3196 986 3261 413.
1009 3195 1093 3279 οίαξ,
1120 3197 1157 3263 fr.
1180 3197 1255 3264 417.

91 3293 204 3388 ὅρμος,
226 3303 264 3368 fr.
287 3303 354 3367 440
376 3304 451 3388 τρία
474 3304 531 3368 καὶ
554 3298 623 3368 δύο.

180 3409 287 3474 Etiam
305 3409 376 3474 aliis
393 3408 570 3474 rationibus
589 3410 639 3496 (ut
658 3401 677 3475 ὃ
695 3405 835 3496 γράψας,
854 3407 887 3476 οἱ
904 3411 1051 3491 παλαιοὶ,
1074 3402 1160 3476 κατά
1178 3400 1257 3487 τούς

90 3511 256 3592 παλαιούς
275 3517 347 3602 etc.)
367 3517 547 3600 saepissime
570 3517 726 3582 atticistas
749 3517 922 3602 appellatos
945 3538 1014 3583 esse
1036 3538 1076 3582 ex
1098 3518 1152 3594 eis,
1175 3539 1256 3602 quae

90 3623 323 3708 proposuimus,
355 3619 558 3688 manifestim
589 3627 644 3687 est.
692 3622 799 3688 Unum
830 3624 1048 3689 tantummodo
1080 3625 1256 3707 exemplum

91 3731 209 3796 addere
231 3730 339 3807 liceat,
362 3735 411 3807 ut,
434 3730 511 3813 quid
535 3729 574 3794 de
596 3729 725 3796 vocibus
748 3723 766 3795 ὁ
789 3726 933 3816 γράψας,
958 3723 976 3795 ὃ
1001 3724 1107 3795 εἰπάν
1130 3734 1162 3794 et
1184 3729 1256 3794 aliis

92 3838 282 3903 censendum
304 3837 359 3914 sit,
386 3837 494 3903 statim
518 3842 730 3920 cognoscatur.
776 3835 857 3903 Sunt
883 3845 949 3904 tres
971 3838 1032 3902 loci
1054 3836 1256 3902 Eustathiani

93 3942 144 4031 (fr.
168 3943 257 4029 206).

157 4072 188 4134 p.
224 4050 323 4127 1446,
360 4051 379 4115 8
413 4047 450 4114 οί
551 4072 580 4133 p.
604 4048 685 4126 588,
711 4051 760 4114 12.
792 4048 868 4138 xuil
950 4073 979 4134 p.
999 4050 1078 4127 940,
1099 4049 1148 4116 18.
1177 4045 1256 4116 σάκ-

95 4154 135 4221 dt
179 4157 344 4222 aulerci
388 4148 451 4221 τὸν
485 4148 551 4244 μὴν
579 4153 612 4222 οἱ
633 4157 771 4222 παλαιοὶ
793 4157 849 4221 καὶ
885 4180 945 4234 κος
974 4148 1020 4222 δι’
1048 4147 1124 4234 ἑνὸς
1153 4180 1255 4242 προε-

94 4253 184 4348 παρά
222 4270 271 4349 τῷ
311 4270 451 4349 κωμικοῦ
486 4256 550 4331 τὸν
560 4260 687 4330 σάκκον
697 4264 779 4347 φασὶ
793 4265 850 4328 καὶ
886 4263 1007 4350 φύρετο
1044 4255 1129 4350 παρ>
1161 4255 1256 4351 Ἀθη-

96 4365 243 4437 σάκταν
297 4366 450 4438 θύλακον
489 4363 535 4436 δι’
576 4363 651 4448 ἓνός
687 4366 849 4457 γράφεται
886 4372 1007 4451 ναίοις,
1034 4367 1127 4438 καθά
1154 4387 1255 4457 φησιν
