3000 5040
827 262 888 328 146

271 426 371 504 νίας,
389 422 445 489 ἐπὶ
462 429 533 488 τῶν
552 413 619 507 όμα
636 418 938 509 παρακαλούντων,
956 423 1012 489 καί
1031 415 1268 492 ἀπειλούντων
1276 423 1313 514 ¹).
1337 423 1372 493 οὶ
1391 425 1443 492 ‹ir-

270 530 494 608 κατευθίντες
515 525 592 616 γάρ,
616 547 750 617 φησιν,
773 529 820 608 είς
838 523 989 614 Δελφούς
1007 524 1068 596 ὑπ’
1084 523 1308 621 Ἀθηναίων’)
1331 537 1443 617 Γεφυ-

271 653 360 725 ραῑοι
382 634 541 720 λαβόντες
562 630 710 725 χρησμόν
733 628 779 716 όός

430 738 528 831 α’νόρὶ
551 747 731 832 Γεφυραίηο
755 741 847 823 οἶκος
870 746 981 828 φίλος,
1004 740 1097 824 οίκος
1120 740 1255 832 όιριστος

244 850 342 920 selca
368 856 486 935 βουσὶν
514 845 801 934 ἀκολουθοῦντες,
829 850 892 931 ἕως
919 842 961 919 ού
988 851 1112 919 ἐκείνοι
1139 850 1365 922 κοπιύσουσιν
1394 855 1443 941 [οἱ

269 959 345 1044 βόες
369 953 522 1048 όηλαόὴ],
546 953 592 1038 ὡς
615 952 634 1025 ό
658 952 741 1038 θεός
763 952 877 1039 αύτοῑς
900 957 1049 1048 ἔχρησεν,
1078 952 1171 1039 όπως
1194 961 1266 1028 ἐκεῖ
1284 967 1441 1049 καταμεί-

270 1086 369 1149 νωσι,
396 1067 660 1153 πολεμουμένων
677 1060 864 1154 Ἀθηναίων
887 1059 949 1133 ὑπ’
968 1060 1162 1153 Εὐμόλπου,
1185 1069 1241 1136 ἐπὶ
1268 1066 1441 1158 Τάναγραν

271 1168 434 1257 ὥδευσαν,
458 1172 576 1253 όόντες
593 1175 655 1260 μὲν
673 1181 722 1260 τῴ
740 1175 984 1262 προηγουμένην
1003 1172 1182 1263 κηρύκειον
1200 1169 1247 1254 οός
1265 1175 1323 1244 ἐπὶ
1339 1197 1441 1265 πρεσ-

269 1287 342 1373 βεία
364 1285 421 1348 καὶ
444 1279 567 1370 εἰρήνη,
589 1284 860 1360 καθοπλίσαντες
883 1283 919 1348 δὲ
942 1278 1089 1350 κότοπιν
1110 1276 1191 1362 τοὺς
1212 1283 1320 1362 νέους.
1354 1277 1441 1354 ὅθεν

231 1415 256 1454 1o
269 1392 430 1475 reaccipies
458 1389 612 1471 ἐξέπεσεν
641 1388 696 1455 ἐπὶ
723 1381 822 1474 όμοιό
845 1413 921 1455 τινα
943 1386 1139 1456 ποιούντων
1161 1390 1318 1477 λέγουσα,
1343 1389 1441 1480 δόρυ
1479 1403 1483 1410 ’

270 1500 336 1563 καὶ
359 1492 583 1584 κηρύκειον.
618 1495 654 1561 ἒν
679 1492 799 1582 ἑτέρῳ
824 1495 860 1562 δὲ
883 1493 1083 1584 ῥητορικῷ
1106 1499 1285 1586 λεξικῴί)
1307 1495 1440 1586 γράφει,

270 1597 316 1682 ὡς
339 1596 406 1670 ύπό
429 1605 643 1688 Ταναγραίων
665 1598 912 1688 πολεμούμενοι
932 1608 1116 1690 Γεφυραῖοι
1137 1603 1362 1691 προέπεμψαν
1381 1603 1440 1694 κή-

270 1735 355 1796 ρυκα
378 1712 435 1775 καὶ
456 1705 602 1775 κάτοπιν
624 1706 849 1776 καθώπλισαν
868 1701 1017 1791 ἑαυτούς,
1040 1702 1230 1779 κάντεῦθεν
1252 1704 1273 1799 ἡ
1296 1709 1440 1801 ῥηθεῑσα
1486 1772 1489 1777 .

269 1819 438 1904 παροιμία.

232 1947 257 1988 ιι
363 1925 433 1988 136.
457 1923 628 1989 Eustath.
643 1946 673 2007 p.
692 1924 787 2000 1291,
805 1924 849 1988 44
859 1925 895 2010 ¹).
925 1920 974 1989 ἔτι
997 1923 1108 1990 ἰστέον
1132 1926 1188 1990 καὶ
1211 1917 1265 1991 ότι
1288 1918 1356 1992 ἀπὸ
1379 1935 1440 2015 τῆς

270 2031 390 2116 όοχμῆς
412 2022 433 2116 ἢ
457 2025 576 2116 δόχμης
597 2026 792 2116 βαρυτόνως
814 2032 941 2115 γίνεται
962 2023 1002 2097 τὸ
1028 2028 1178 2116 δόχμιον·
1206 2034 1286 2119 περὶ
1307 2022 1346 2119 ἧς
1367 2033 1438 2099 Αἲ-

269 2142 352 2215 λιος
374 2133 583 2214 Διονύσιός
606 2154 707 2224 φησιν
726 2127 826 2202 ούτω.
851 2134 973 2226 όόχμη
995 2130 1036 2204 τό
1054 2134 1334 2225 τετραόόκτυλον.
1353 2132 1437 2227 Ἀρί-

269 2261 408 2330 σταρχος
433 2243 467 2310 δὲ
491 2237 612 2326 όξύνει,
636 2238 682 2322 ὡς
701 2245 797 2331 δηλοῖ
813 2246 870 2310 καὶ
888 2237 907 2310 ό
926 2237 1074 2331 κωμικός
1093 2243 1130 2312 ἐν
1147 2254 1197 2332 τῷ
1217 2247 1329 2334 (Kock.
1350 2247 1437 2314 Com.

268 2352 481 2438 liupolt).

229 2482 255 2521 ao
428 2452 523 2525 ούτοι
547 2451 579 2524 δ’
603 2451 808 2546 ἀφεστήκασι
829 2464 928 2525 πλεῖν
949 2451 971 2547 ἢ
994 2456 1056 2526 όύο
1080 2455 1193 2544 όοχμό.

269 2566 306 2632 ἐν
328 2566 457 2650 μέντοι,
486 2568 617 2654 φησὶν,
646 2579 717 2645 τοῖς
740 2559 984 2654 ἀκριβεστέροις
1007 2559 1224 2653 α’ντιγρόφοις
1251 2560 1343 2650 όξεῑα
1366 2566 1438 2634 ίπί-

268 2697 376 2740 κειται
398 2680 439 2758 τῇ
460 2670 578 2761 πρώτη
599 2679 743 2758 συλλαβῇ
762 2666 848 2739 κατὰ
870 2666 909 2740 τό
934 2671 1048 2762 λόχμη,
1070 2670 1180 2762 λόγχη,
1204 2667 1302 2762 ὄχθη,
1326 2667 1436 2762 ὄγχνη.

270 2779 418 2867 [ἕτερος
451 2782 489 2846 sir}
518 2806 568 2859 τις
599 2781 686 2867 λέγει
717 2783 774 2848 καὶ
806 2773 921 2863 αύτός,
959 2773 1011 2848 ότι
1045 2779 1147 2868 όόχμη
1180 2773 1227 2859 ὡς
1259 2775 1348 2869 όχθη
1378 2784 1438 2850 καὶ

269 2884 401 2975 στάθμη
433 2881 519 2954 κατὰ
554 2886 733 2975 Τρύφωνα,
771 2888 799 2954 εί
831 2891 888 2954 καί
917 2881 1125 2975 Ἀρίσταρχος
1157 2880 1291 2970 όξύνειν
1324 2882 1435 2979 ἄξιοί]

228 3018 255 3060 as
269 2997 495 3073 Παυσανίας
524 2996 559 3062 δὲ
587 2990 694 3062 εἰποόν
721 2998 778 3061 καὶ
802 2988 903 3074 αύτὸς
926 2987 979 3062 ότι
1001 2991 1126 3083 ,δόχμη
1148 2987 1188 3062 τό
1211 2992 1435 3084 τετραδόκτυ-

268 3107 350 3167 λονίί
373 3098 488 3188 ἐπάγει
537 3098 680 3189 Κύπριοι
704 3094 824 3190 δὲτὴν
846 3094 1034 3190 παλαιστὴν
1044 3103 1081 3191 ²).
1118 3101 1199 3180 ίσως
1222 3102 1274 3184 δέ,
1301 3119 1436 3190 φησιν,

313 3334 373 3389 135.
392 3335 414 3401 ¹)
432 3334 524 3388 Prima
553 3337 661 3390 tantum
684 3335 768 3390 verba
791 3337 887 3391 extant
910 3352 954 3405 ap.
978 3335 1080 3390 Zenob.
1104 3335 1154 3389 III.
1177 3335 1220 3390 26.
1244 3333 1310 3389 Hes.
1335 3334 1435 3391 Suidar

269 3427 312 3489 (=
331 3425 427 3492 Apost.
446 3424 493 3479 VI.
513 3423 565 3491 33).
586 3423 659 3477 solus
678 3425 831 3479 Pausaniae
851 3425 994 3480 historiam
1014 3421 1162 3488 αύτολεξεί
1185 3422 1340 3494 descripsit.
1377 3423 1435 3478 De·

269 3516 390 3581 curtata,
415 3515 464 3567 sed
482 3515 514 3567 ut
531 3513 636 3566 nullum
655 3513 741 3568 alium
759 3520 900 3569 auctorem
918 3514 974 3569 nisi
992 3513 1144 3569 atticistam
1166 3528 1316 3582 agnoscere
1335 3512 1434 3583 possis,

268 3603 295 3656 in
315 3602 431 3657 Zenobii
451 3602 543 3657 codice
563 3603 590 3657 O.
605 3602 687 3657 redit.
1268 3610 1270 3614 “

357 3692 377 3761 ²)
398 3691 437 3746 Cf.
448 3693 559 3758 Miillcr,
573 3693 661 3746 Dorer
675 3693 697 3746 1.
707 3693 759 3746 257
779 3691 824 3761 qui
840 3690 971 3763 Ἀργείων
989 3691 1074 3748 scribi
1092 3691 1183 3746 iubet:
1202 3692 1248 3746 cui
1261 3691 1383 3746 Lautsch
1397 3692 1435 3746 ad

268 3781 335 3834 Zan.
355 3780 372 3834 l.
393 3780 410 3834 l.
431 3781 593 3836 adsentitur.
612 3781 701 3835 Meicr
713 3781 782 3850 Opp.
803 3782 980 3837 narrante
1000 3797 1061 3837 eam
1080 3779 1237 3850 opinionem
1252 3780 1343 3848 reicit,
1362 3796 1433 3848 cum,

268 3871 292 3923 si
306 3867 435 3940 Ἀργείων
453 3887 546 3925 verum
567 3874 647 3936 esset,
666 3871 796 3925 mendum
814 3871 960 3940 prioribus,
979 3887 1032 3926 non
1048 3869 1180 3926 atticistis
1198 3869 1376 3924 tribuendum
1387 3869 1433 3923 sit.

357 3959 378 4029 8)
397 3961 442 4014 Ad
460 3960 571 4014 Aelium
589 3959 751 4030 Dionysium
769 3960 859 4015 refero
883 3960 917 4015 cf.
937 3961 1116 4029 Pr01.p.12.
1144 3960 1261 4014 Fontem
1282 3959 1434 4014 Demonem

268 4064 329 4102 csse
348 4048 484 4117 Toepffer‚
503 4051 560 4103 Att.
580 4049 694 4104 Geneal.
714 4067 740 4118 p.
760 4050 820 4104 298.
840 4049 995 4119 suspicatus
1015 4055 1064 4104 ast.

313 4139 371 4192 136.
391 4140 412 4203 1)
431 4138 578 4206 Utriusque
597 4138 738 4193 atticistae
759 4140 884 4193 doctrina
907 4141 957 4194 sed
974 4138 1131 4193 nominibus
1149 4137 1257 4193 omissis
1276 4139 1306 4191 ot
1323 4123 1434 4192 inverso

268 4225 363 4279 ordine
378 4227 496 4281 recurrit
510 4245 553 4297 ap.
564 4228 641 4281 Eust.
653 4245 679 4297 p.
690 4230 750 4294 896,
770 4230 812 4283 58.
823 4259 859 4267 -
873 4221 971 4299 ἕτερος
989 4226 1020 4282 δέ
1039 4244 1080 4291 τις
1098 4227 1152 4282 fuit
1170 4225 1345 4282 Herodianus
1365 4225 1400 4283 cf.
1411 4227 1434 4281 I.

266 4331 293 4382 p.
313 4315 373 4381 324,
393 4316 435 4370 13.
454 4317 550 4371 Lantz.
569 4317 725 4371 Aristarchi
744 4317 938 4382 testimonium,
958 4334 1022 4372 num
1041 4319 1119 4372 recte
1137 4313 1219 4371 Aelio
1237 4315 1369 4385 Dionysio
1381 4315 1433 4369 tri·

266 4403 374 4469 buatur,
387 4403 529 4459 incertum.
548 4404 742 4461 Rindflcischii
761 4405 916 4461 sententiae
929 4408 964 4476 (p.
978 4407 1031 4477 64.)
1045 4423 1097 4461 non
1112 4409 1226 4476 propter
1240 4420 1352 4460 causam
1366 4420 1431 4474 pro-
