3000 5040
799 218 841 283 24

237 375 493 466 ἑρμηνεύουσιν,
552 370 598 456 ὡς
635 404 670 458 κ,
708 368 749 444 ὅν
781 379 837 444 καὶ
870 374 998 455 σάκταν
1033 376 1170 454 Αίλιος
1195 373 1421 454 Διονύσιος

240 478 515 572 δηλοῑὸεἰπών·
535 481 597 551 alri-
635 487 731 569 φασί,
772 477 865 552 καθά
903 486 999 571 δηλοῖ
1034 489 1103 550 κτλ.
1128 483 1245 550 οίεέέε.
1271 485 1353 550 296.

239 598 353 670 λακος
392 588 595 680 μάροιππος·
634 586 734 658 καὶὸ
763 584 923 676 sepelir,
951 585 997 670 ὡς

238 701 364 785 γίνεται
379 692 409 764 δ’
419 691 519 777 αὐτὸς
529 690 597 765 άπὸ
635 691 703 764 άπὸ
718 706 780 764 τοῦ
795 694 905 765 σάττω
916 722 996 785 φορ-

238 815 301 872 τοῦ
333 802 460 886 σάττιο,
493 803 686 901 σάξονγτίζ
717 854 723 868 .

208 906 280 983 aco
304 915 460 1000 ψορτίζον.
615 906 618 994 l

327 1022 396 1087 Iam
418 1022 514 1098 vides,
537 1042 599 1105 quo
622 1022 758 1085 tendam.
795 1020 901 1086 Etiam
919 1020 1054 1104 glossam
1078 1014 1311 1096 σάκτας,Αε1ἰί
1331 1021 1417 1086 Dio·

238 1129 319 1213 nyaii
338 1129 434 1194 firisse
454 1134 486 1194 et
508 1151 547 1193 ex
569 1127 654 1193 illius
672 1127 785 1211 opibus
803 1128 845 1192 ad
863 1128 1054 1211 posteriores
1072 1127 1222 1193 transisse
1240 1149 1302 1210 pro
1322 1132 1417 1195 certo

238 1235 348 1303 habeo.

327 1343 436 1414 Simile
459 1342 535 1426 quid
558 1340 627 1406 fieri
650 1342 790 1408 videmus
813 1341 882 1406 loco
905 1341 1082 1425 praeclaro:

326 1451 414 1516 Eust.
442 1471 471 1533 p.
502 1447 600 1525 1539,
628 1449 714 1533 221)
742 1439 795 1513 ὅτι
937 1447 979 1513 ib.
1012 1471 1042 1533 p.
1076 1449 1155 1527 871,
1187 1447 1237 1512 62.
1294 1447 1414 1515 ἰστέον

240 1557 275 1625 δὲ
303 1558 360 1622 καὶ
387 1556 510 1621 πλοίου
538 1550 625 1632 εἶδος
653 1545 671 1619 ὃ
698 1553 795 1640 κέλης
849 1554 884 1620 δὲ
918 1545 971 1621 ὅτι
1002 1556 1059 1620 καί
1091 1552 1301 1640 έπακτρεϊς
1341 1553 1412 1620 ἑλέ-

239 1666 336 1751 δηλοῑ
370 1655 389 1730 ὃ
427 1653 564 1728 είποὸν·
606 1659 705 1726 πέντε
742 1660 794 1725 κέ·
847 1685 948 1746 γοντο
973 1659 1006 1726 οἱ
1028 1662 1176 1746 κυνηγοί,
1200 1653 1246 1738 ὡς
1270 1654 1412 1746 δηλοῑὸ

238 1775 350 1856 λητας·
392 1763 471 1845 τοὺς
510 1763 793 1851 πεντασκάλμους.
847 1765 999 1854 γράψας
1023 1767 1063 1833 ἐν
1082 1765 1281 1854 ῥητορικῷ
1303 1772 1411 1850 λεξι-

240 1916 280 1924 -
305 1872 353 1940 ’έτι
382 1875 417 1940 δὲ
446 1876 542 1961 δηλοῖ
566 1865 605 1940 τό
632 1866 796 1940 αὐτὸκαὶ
848 1883 914 1961 acri,
931 1866 1246 1960 άτιέπακτρίάες·
1266 1867 1412 1940 αίάλιά-

240 1975 258 2048 ὃ
290 1978 440 2069 γράψας
472 1972 576 2047 οὕτω·
611 1980 794 2066 έπακτρί-
850 1983 915 2060 ricc·
948 1981 1156 2068 ἐπακτρεῑς
1178 1970 1240 2066 γάρ
1268 1977 1302 2045 οἱ
1325 2004 1410 2046 κυν-

240 2091 314 2167 άες·
347 2087 381 2153 αἱ
413 2081 552 2164 ἁλιάδες.
587 2086 795 2172 έπακτρεῖς
848 2089 930 2177 ηγοὶ.
954 2079 1007 2154 ὅτι
1031 2088 1066 2155 δὲ
1086 2079 1153 2153 άπὸ
1172 2093 1230 2173 τῆς
1248 2083 1411 2175 ῥηθείσης

238 2187 300 2282 γάρ
324 2194 357 2262 οἱ
379 2196 526 2281 κυνηγοί.
556 2193 794 2280 έπακτροκέ-
850 2194 1049 2281 έπακτρίδος
1080 2196 1137 2259 καὶ
1165 2193 1410 2279 ἐπακτροκέ-

239 2307 306 2388 λης
334 2303 370 2369 δὲ
392 2308 516 2369 πλοῖον
540 2293 718 2388 ληστρικὸν
740 2325 793 2385 με·
848 2306 914 2388 λης
932 2293 1017 2367 κατά
1036 2296 1409 2367 Α’ίλιονΑιονύσιον

237 2401 320 2490 ragel
343 2408 555 2495 έπακτρίδος,
583 2398 604 2473 ά
630 2410 687 2473 καὶ
710 2398 794 2472 αὐτά
847 2412 969 2474 πλοῖον
983 2399 1173 2492 λῃστρικὸν,
1191 2403 1408 2495 προδεδήλω-

237 2511 396 2603 πλοιάριά
421 2515 519 2583 ἐστιν.
849 2537 903 2580 ται
927 2514 978 2600 (ir.
1005 2513 1091 2601 170.)

326 2624 436 2690 Priore
469 2625 538 2689 loco
566 2623 609 2709 (p.
640 2622 739 2709 1539)
773 2623 872 2706 igitur
904 2613 922 2686 ὃ
950 2615 1080 2707 γράψας
1107 2611 1198 2685 οὕτω
1227 2649 1269 2678 =
1297 2619 1409 2688 Aelius

241 2730 410 2814 Dionysius
434 2736 494 2808 est,
518 2752 612 2815 quam
635 2731 814 2814 opinionem
837 2728 940 2794 tribus
963 2728 1034 2793 aliis
1057 2729 1159 2792 causis
1182 2726 1308 2794 firmare
1331 2749 1407 2812 pos-

243 2858 358 2903 sumus.
399 2837 470 2902 Non
493 2838 593 2904 multo
615 2842 687 2921 post
710 2837 794 2901 enim
816 2836 1009 2912 Παυσανίας
1032 2833 1068 2900 δὲ
1091 2833 1143 2921 (fr.
1163 2835 1243 2920 259)
1267 2834 1315 2901 ita
1336 2835 1408 2900 lau-

331 3105 351 3170 1)
370 3103 515 3169 Stoientin‚
534 3103 650 3158 Jahrbb.
669 3102 721 3158 vol.
742 3104 801 3157 117.
820 3120 847 3172 p.
867 3103 927 3157 125.
952 3104 1003 3157 hoc
1022 3103 1081 3158 loco
1100 3101 1290 3172 quaestionem
1308 3104 1407 3172 movit,

239 3210 276 3248 an
295 3195 366 3248 dune
386 3192 594 3261 explicationes,
614 3192 799 3247 atticistarum
817 3196 846 3246 et
864 3191 1100 3261 Harpocrationis‚
1119 3194 1205 3261 plane
1223 3192 1297 3248 inter
1314 3209 1345 3248 se
1364 3193 1406 3248 di·

238 3298 334 3338 versae
353 3283 516 3336 statuendae
535 3281 598 3336 sint.
635 3282 730 3350 (Harp.
751 3277 968 3351 έπακτροκέλης.
998 3277 1129 3350 Αἰσχίνης
1153 3277 1183 3335 έν
1207 3285 1248 3354 τῷ
1266 3276 1341 3336 κατὰ
1363 3283 1406 3336 Τι-

236 3365 359 3441 μάρχου·
385 3363 459 3434 εἶδος
481 3366 508 3423 t'
529 3366 590 3424 ἐστὶ
612 3370 713 3424 πλοίου
736 3364 916 3424 σύνθετον.
947 3361 1013 3438 έχον
1035 3365 1086 3437 τὴν
1110 3364 1293 3437 κατασκευὴν
1317 3361 1351 3423 έκ
1374 3387 1407 3424 τε

237 3456 405 3529 έκακτρίδος
428 3461 477 3512 καί
495 3455 628 3527 κέλητος).
666 3459 753 3527 Quam
772 3460 859 3528 Harp.
879 3459 997 3528 glossam
1016 3461 1090 3528 apud
1108 3459 1153 3513 Et.
1172 3459 1209 3513 M.
1229 3459 1294 3524 353,
1315 3459 1339 3513 7.
1359 3458 1406 3526 (cf.

237 3548 282 3602 Et.
301 3548 371 3602 (lud.
394 3565 420 3616 p.
440 3549 504 3616 196,
523 3549 566 3602 42.
589 3547 629 3602 εἰσ
651 3549 811 3617 legendum:
841 3543 1004 3618 ἐκακτρεῖς·
1033 3543 1061 3602 οὶ
1083 3545 1249 3618 κυνηγέται,
1272 3542 1331 3602 ἀπὸ
1355 3551 1407 3603 τοῦ

238 3632 358 3706 ἐπάγειν
375 3631 441 3700 τοὺς
459 3631 557 3700 κύνας·
583 3632 719 3691 ἐντεῦθεν
737 3638 785 3690 καί
802 3629 819 3705 ἦ
839 3639 907 3700 ναῦς
924 3630 941 3704 ἡ
961 3635 1050 3706 γαλέα
1068 3628 1177 3705 (άλιάςί
1200 3635 1235 3692 cf.
1255 3637 1350 3706 Steph.
1370 3637 1407 3692 ad

237 3727 283 3780 Et.
296 3726 333 3780 Μ.
349 3726 409 3795 ll.)
429 3721 564 3796 έπακτρίς
581 3727 631 3780 καί
649 3721 860 3796 έπακτροκέλης
879 3721 911 3779 έν
929 3722 1075 3793 συνθέσει)
1087 3727 1118 3780 Β.
1133 3727 1167 3779 A.
1183 3726 1243 3794 255,
1257 3727 1299 3781 13.
1313 3727 1406 3782 redire

237 3818 325 3885 putat.
359 3816 462 3873 Vocem
481 3814 554 3869 enim
574 3809 715 3870 σύνθετον
733 3814 961 3884 Harpocrationis
984 3815 1024 3869 sic
1043 3814 1236 3884 explicandam
1260 3830 1322 3870 esse
1341 3832 1405 3870 cen·

237 3908 288 3970 set,
307 3909 338 3958 ut
356 3904 391 3959 de
410 3903 579 3960 conficiendo
597 3903 715 3974 navigio,
734 3920 789 3959 non
808 3906 842 3959 de
861 3920 927 3959 voce
946 3903 1090 3960 formanda
1107 3903 1283 3959 adhibeatur.
1317 3905 1404 3959 Recte

237 3994 310 4047 hanc
329 3993 497 4049 sententiam
515 3996 550 4049 de
562 3994 606 4048 Et.
621 3995 663 4050 M.
678 3994 736 4050 loco
755 3995 860 4064 Freyer
878 4011 904 4064 p.
917 3993 970 4049 265
989 3993 1105 4048 refutat:
1125 3993 1155 4047 in
1168 3993 1292 4048 Bcklreri
1310 3999 1405 4049 autem

237 4081 328 4137 lexico
352 4083 447 4150 quinto
469 4084 601 4138 habemus
625 4080 767 4152 συνετέθη
790 4078 823 4137 τὸ
842 4075 957 4151 ὅνομαίί
986 4081 1134 4138 StoientIni
1153 4082 1304 4152 explicatio
1322 4082 1404 4138 nimis

237 4170 388 4226 artificiosa
406 4188 467 4228 esse
486 4173 606 4242 videtur,
630 4189 692 4228 cum
712 4174 860 4228 συνθεῖναι
878 4171 1012 4228 terminus
1031 4171 1068 4226 sit
1086 4171 1249 4241 plerumque
1268 4187 1403 4241 gramma·

237 4259 321 4316 ticus:
350 4276 412 4314 eum
436 4261 482 4330 qui
504 4263 644 4331 navigium
663 4267 692 4316 et
711 4259 857 4332 ἐπακτρίδι
882 4268 910 4316 et
932 4259 1030 4330 κέλητι
1049 4260 1139 4315 simile
1159 4261 1295 4328 extruxit,
1320 4263 1404 4316 etiam

237 4365 331 4406 vocem
351 4345 584 4421 ἐπακτροκέλητα
601 4349 726 4407 invenire
744 4350 867 4423 potuisse
887 4350 1090 4406 concedendum
1109 4355 1158 4404 est.
