3000 5040
751 264 817 331 214

196 416 274 502 τοὺς
298 415 496 507 ὀφθαλμοὺς
514 425 572 489 καὶ
589 415 632 489 τὰ
649 421 819 510 πρόσωπα
838 415 963 508 (οὑτως
978 416 1043 511 γάρ
1062 425 1191 514 εἴρηται
1209 418 1264 493 aa
1279 419 1361 513 παρὰ

195 543 265 608 τοῖς
291 531 462 612 παλαιοῖς)
491 528 578 614 λέγει
605 525 813 608 Διονύσιος
841 523 860 596 ὑ
888 523 1217 617 Ἁλικαρνασσεὺς
1248 531 1291 600 ἐν
1315 540 1362 620 τῷ

194 637 285 722 περὶ
305 631 481 722 χρήσεως
497 628 685 701 Ἀττικῶν
708 628 933 721 ὀνομάτων,
956 627 1010 704 ὅτι
1028 629 1091 724 τὴν
1108 630 1188 705 ὑπὸ
1207 635 1363 707 εἰώθασιν

196 739 229 808 οἱ
250 743 390 810 παλαιοὶ
411 737 576 820 πολλάκις
594 744 652 807 καὶ
670 734 746 808 άντὶ
764 750 823 829 τῆς
840 737 908 829 πρὸ
929 741 1112 825 ἐκτιθέναι,
1134 736 1182 823 ῶς
1200 736 1241 812 τὺ
1262 738 1364 812 ὑπει-

169 850 323 934 suriest)
342 841 418 914 άντὶ
437 855 499 913 τοῦ
517 861 695 935 προειπεῖν
712 851 770 915 καὶ
789 841 994 936 ὑπάγεινθ)
1012 841 1089 916 άντὶ
1111 858 1176 918 τοῦ
1196 847 1365 938 προάγειν,

196 945 288 1022 οὑτω
311 957 368 1020 καὶ
390 947 430 1021 τό
455 946 742 1041 ὑπογράφεινί)
766 947 847 1035 τοὺς
865 947 1066 1042 ὀφθαλμοὺς
1083 948 1105 1044 ἢ
1122 949 1164 1024 τὸ
1181 953 1366 1044 πρόσωπον

198 1052 274 1127 άντὶ
295 1066 359 1127 τοῦ
380 1057 599 1147 προγράφειν.

286 1168 360 1234 314.
383 1167 419 1232 Β.
436 1168 471 1232 Α.
487 1189 516 1252 p.
538 1167 623 1234 1073
635 1167 671 1252 ¹).
695 1180 803 1233 κειται
823 1167 859 1234 δὲ
879 1161 1107 1254 (ὑπόξυλος)
1126 1167 1276 1237 ἐπὶτῶν
1293 1174 1367 1254 λαμ-

195 1281 296 1361 πρῶν
317 1273 379 1359 μὲν
403 1270 534 1354 ἔξωθεν
551 1275 609 1339 καὶ
628 1271 798 1354 ἐπιεικῶν,
819 1281 983 1362 πονηρῶν
1002 1268 1099 1342 δὲτὰ
1118 1271 1230 1342 ἔνδον.
1254 1271 1367 1360 Alexis

157 1403 184 1442 ro
197 1385 255 1459 λος
278 1378 316 1446 ἐν
339 1379 483 1463 Πέρσαις
504 1379 667 1466 μέμνηται
689 1381 747 1445 καὶ
765 1373 1058 1467 Διογενιανόςῖ)
1077 1379 1115 1448 ἐν
1132 1388 1174 1467 τῇ
1192 1381 1280 1465 λέξει
1296 1377 1368 1449 τού·

197 1509 260 1552 του
282 1487 340 1551 καὶ
358 1481 568 1564 Διονύσιος
592 1485 628 1551 ἐν
652 1493 692 1570 τῇ
716 1484 837 1572 ἐκλογῇ
859 1495 930 1553 τῶν
953 1479 1145 1572 ὀνομάτων,
1169 1479 1223 1555 ὅτι
1240 1488 1368 1555 Μέναν-

199 1592 278 1676 δρας
301 1589 338 1658 έν
360 1598 401 1675 τῇ
424 1592 592 1680 Περινθίᾳ
615 1594 731 1680 φησὶν·
756 1592 808 1677 (fr.
828 1594 902 1660 399.
921 1595 1035 1680 Koek).

442 1689 518 1764 οὐδ’
539 1691 640 1777 αὐτὸς
663 1697 728 1784 εἰμὶ
752 1691 814 1766 οὑν
837 1705 933 1778 θεοῖς
954 1691 1132 1782 ὑπόξυλος.

200 1799 275 1870 οἷον
297 1805 453 1892 κίβδηλος
476 1805 532 1870 καὶ
557 1795 599 1871 οὑ
621 1801 755 1892 γνήσιος
764 1807 792 1892 ³)
816 1797 896 1873 οὑδὲ
919 1797 1064 1894 άληθὴς,
1091 1797 1161 1874 άπὸ
1188 1812 1261 1874 τῶν
1283 1809 1371 1889 ξυλλ-

161 1931 186 1974 is
200 1932 272 1976 νων
295 1911 353 1976 καὶ
374 1911 701 1998 περιηργυρωμένων
724 1919 866 1979 σκευῶν.

774 2164 812 2227 Φ.

289 2338 363 2404 315.
395 2337 567 2404 Eustath.
591 2361 621 2423 p.
640 2339 720 2416 924,
743 2339 773 2406 6.
805 2334 993 2426 φάλαγξι)
1017 2339 1053 2406 δὲ
1077 2331 1118 2406 οὐ
1139 2335 1251 2425 μόνον
1275 2354 1372 2425 στρα-

289 2603 310 2674 ¹)
331 2604 372 2660 Cf.
392 2605 471 2660 Phot.
490 2605 557 2660 Lex.
576 2605 690 2660 Beehm.
709 2607 771 2671 395,
790 2606 815 2662 9.
835 2604 910 2661 Suid.
929 2605 1019 2662 Schol.
1038 2605 1125 2661 Thur.
1143 2606 1164 2661 1.
1183 2607 1227 2663 35.

290 2693 311 2760 ο)
330 2695 460 2750 Fortasse
479 2693 579 2759 omnia,
599 2709 670 2763 quae
688 2711 706 2749 a
724 2693 928 2764 lexicographis
947 2695 984 2750 ad
1001 2687 1136 2766 ὑπάγειν,
1160 2687 1300 2767 ὑπαγωγή
1320 2702 1374 2751 ete.

199 2784 355 2850 traduntur,
375 2784 429 2838 huc
447 2782 595 2838 referenda
614 2786 686 2851 suut,
707 2782 742 2837 cf.
761 2781 838 2838 Stud.
856 2785 933 2853 Lips.
953 2783 998 2838 IV.
1018 2801 1045 2854 p.
1066 2785 1124 2841 121.

287 2874 310 2938 ⁴)
329 2872 433 2926 Locum
453 2876 611 2941 corruptum
630 2887 691 2926 esse
709 2871 774 2927 inde
793 2875 925 2942 apparet,
950 2874 1023 2942 quod
1041 2866 1224 2944 πρόγραφειν
1241 2889 1376 2944 nusquam

200 2986 234 3007 =
257 2954 439 3031 ὑπογράφειν
464 2976 524 3015 esse
548 2961 665 3030 poterit,
688 2961 723 3016 cf.
743 2960 845 3017 Rindfl.
869 2978 896 3031 p.
918 2963 977 3017 114.
1014 2961 1084 3016 Rem
1107 2962 1149 3017 ita
1170 2963 1322 3032 consutus,
1344 2969 1376 3018 ut

200 3050 325 3118 regulam
345 3050 381 3103 ad
399 3041 534 3118 ὑπάγειν,
554 3042 686 3105 ὑπειπεῖν
705 3051 819 3105 allatam
838 3066 900 3105 esse
918 3057 1028 3120 putem,
1046 3043 1228 3122 ὑπογράφειν
1246 3057 1340 3109 autem
1358 3068 1376 3107 a

201 3139 440 3208 grammaticastro
459 3153 511 3207 per
530 3154 651 3193 errorem
672 3140 814 3209 appictum
833 3155 893 3194 esse
912 3155 1050 3195 censeam.

245 3227 307 3283 314.
326 3229 348 3294 ι)
367 3227 570 3282 Grammaticus
593 3228 689 3296 paullo
713 3235 779 3283 aute
802 3230 839 3282 ad
859 3229 1047 3300 Phrynichum
1070 3233 1214 3299 provocat,
1237 3228 1273 3286 ef.
1292 3231 1323 3285 B.
1342 3232 1374 3285 Δ.

202 3316 245 3383 67,
259 3316 284 3371 5.
313 3315 411 3369 Totum
431 3315 522 3371 locum
541 3315 721 3371 vehementer
739 3317 930 3372 abbreviatum
949 3318 1036 3372 habes
1054 3333 1098 3387 ap.
1117 3318 1193 3373 Max.
1210 3317 1328 3374 Planud.
1345 3317 1375 3373 in

201 3404 290 3459 Walz.
310 3404 404 3459 Rhett.
424 3405 457 3459 V.
476 3406 537 3460 486.
576 3405 715 3474 Imprimis
733 3407 845 3460 nomina
863 3409 1005 3461 auctorum
1024 3405 1196 3462 exciderunt.
1233 3406 1296 3464 Vox
1313 3405 1376 3478 ipsa

201 3494 322 3548 recurrit
340 3510 384 3562 ap.
402 3493 470 3548 Luc.
490 3495 568 3562 lupp.
588 3497 657 3562 trag.
678 3510 738 3562 cap.
758 3495 782 3549 8.

292 3583 313 3650 ²)
332 3581 373 3638 Cf,
389 3583 484 3638 Cobet.
499 3583 600 3637 Mnem.
615 3583 648 3637 X.
662 3584 704 3638 54.
723 3583 826 3650 Nabar,
839 3583 912 3638 Prol.
925 3601 952 3654 p.
965 3585 1008 3640 26.
1023 3585 1131 3656 Boyseu
1145 3600 1172 3654 p.
1185 3585 1228 3640 61.
1242 3583 1374 3648 Schmidt,

203 3672 314 3741 Quaest.
334 3673 452 3742 Hesych.
474 3689 501 3740 p.
521 3671 577 3727 XC.

293 3761 314 3824 8)
334 3761 415 3817 Oonr.
434 3762 514 3816 Phot.
534 3762 579 3816 Et.
598 3762 634 3816 M.
656 3762 721 3829 783,
741 3763 787 3826 17,
806 3761 854 3815 ubi
873 3761 1075 3830 Aristophanes
1092 3760 1165 3819 falso
1183 3762 1321 3831 laudatur,
1340 3761 1374 3819 ei.

201 3850 269 3906 Poll.
289 3853 337 3906 111.
359 3853 402 3907 56.
421 3851 563 3921 Aristoph.
582 3850 616 3905 fr.
635 3852 695 3906 881.
715 3851 803 3905 Kock.
822 3852 898 3906 Bast.
917 3851 953 3905 ad
971 3850 1051 3920 Greg.
1072 3851 1132 3906 Gor.
1148 3868 1174 3920 p.
1189 3853 1251 3908 241.
1265 3849 1375 3908 Schaef.

247 3942 308 3996 315.
329 3942 349 4006 ι)
368 3941 429 3995 ΑεΙ.
444 3941 524 3996 Dion.
545 3940 585 3994 sie
604 3940 723 3995 recurrit
737 3957 781 4009 ap.
797 3940 875 3996 suot.
894 3939 931 4009 gl.
944 3941 969 3994 2.
989 3940 1064 3996 Suid.
1083 3941 1120 4010 gl.
1134 3942 1160 3996 4.
1180 3934 1306 4013 φάλαγξ·
1324 3943 1375 4010 θο-

203 4031 296 4093 λυκῶς
314 4022 329 4084 ὑ
349 4024 480 4100 ἀράχνης.
511 4026 634 4084 Πλάτων
648 4023 759 4083 Ἑλλάδι
782 4031 841 4083 κτλ.
869 4029 963 4084 Etiam
986 4028 1056 4085 vitia
1079 4029 1221 4086 scribendi
1239 4029 1286 4098 (ef.
1304 4029 1375 4085 Ναὶ).

204 4117 266 4184 11.)
286 4119 383 4173 eadem
401 4123 555 4186 recurrunt,
576 4118 609 4174 cf.
628 4125 684 4174 not.
699 4120 724 4174 2.
748 4118 843 4173 Tertio
860 4118 921 4173 loco
939 4118 1113 4174 adhibendus
1132 4125 1175 4174 est
1192 4119 1238 4175 Et.
1257 4120 1295 4174 M.
1315 4120 1375 4183 786,

204 4206 248 4263 50.
272 4207 468 4276 Fragmentum
488 4208 551 4263 ideo
570 4208 678 4277 insigne
697 4214 748 4276 est,
768 4208 841 4278 quod
860 4207 995 4263 insertum
1013 4207 1138 4263 invenies
1156 4208 1187 4263 in
1205 4209 1284 4264 Phot.
1298 4207 1335 4278 gl.
1350 4210 1375 4263 1.

204 4298 249 4363 (=
268 4296 342 4352 Suid.
362 4296 438 4362 Hes.)
457 4293 614 4369 φάλαγγες·
635 4297 729 4367 στίχες
751 4292 853 4363 τάξεις.
882 4292 910 4352 οἳ
933 4295 964 4352 δὲ
987 4292 1022 4352 τὸ
1046 4293 1080 4353 έκ
1102 4292 1244 4354 πλειόνων
1266 4292 1376 4364 τάξεων

205 4377 350 4440 ὁπλιτικὸν
369 4388 489 4456 πλῆθος.
509 4386 623 4458 λέγεται
641 4389 690 4441 καλ
708 4383 744 4442 τά
763 4388 821 4442 τῶν
840 4385 987 4444 δακτύλων
1006 4379 1103 4457 άρθρα
1117 4386 1200 4455 (unde
1215 4403 1284 4444 corr.
1299 4387 1372 4442 suit.
