3000 5040
817 274 882 339 202

262 429 357 512 ὄντες
386 435 421 500 δὲ
447 439 584 500 πολῖται
611 429 657 512 ὡς
681 434 718 500 έν
741 437 903 520 Κορίνθῳ
927 438 1083 511 Γλαῦκος
1106 426 1125 500 5
1145 427 1350 520 Ἱππολόχου
1373 442 1434 502 τοῦ

261 538 549 627 Βελλεροφόντου.
570 539 701 627 ἕτεροι
721 541 757 608 δὲ
776 533 880 607 οὕτω·
901 533 1144 628 όστόξενοιθ)
1164 539 1197 607 οἱ
1213 541 1302 626 γένει
1319 541 1382 627 μὲν
1400 541 1435 623 ἐξ

261 640 361 733 ἀρχῆς
384 644 613 733 προσήκοντες
636 647 692 714 ἐπὶ
716 649 751 714 δὲ
775 642 966 734 ἀλλοδαπῆς
993 643 1177 732 γεγονότες.
1214 651 1293 734 περὶ
1317 648 1354 714 δὲ
1379 650 1433 715 δο-

261 753 411 839 ρυξένων
444 748 462 818 5
491 747 593 832 αὐτὸς
620 757 848 832 Παυσανίας
875 756 992 841 φησὶν,
1025 745 1079 820 ότι
1106 750 1320 840 δορύξενος
1348 749 1368 822 ό
1397 754 1433 820 ἐκ

233 861 433 945 επολεμίων
456 863 554 944 φίλος
576 863 633 926 καὶ
657 856 676 926 5
699 858 966 947 πρεσβευόμενος
988 862 1065 946 περὶ
1088 856 1234 947 λύτρων,
1258 861 1287 927 εί
1310 867 1433 949 ζωγρη-

260 971 356 1032 θεῑεν
379 991 475 1047 τινες.

350 1075 422 1142 283.
461 1075 633 1142 Eustath.
657 1098 686 1158 p.
712 1075 791 1152 854,
816 1075 866 1140 12.
902 1081 974 1140 τῶν
1002 1075 1038 1141 δὲ
1066 1067 1220 1141 ὀδόντων
1248 1067 1346 1162 κοινὴ
1373 1075 1433 1160 μὲν

261 1174 378 1247 είθεῖα
394 1174 413 1246 5
433 1173 543 1259 όδοός.
568 1173 704 1268 εὕρηται
723 1182 835 1247 δὲκαὶ
854 1175 873 1246 5
894 1173 995 1248 όδοόν.
1021 1181 1057 1263 ἐξ
1074 1171 1116 1247 οὗ
1134 1183 1191 1247 καὶ
1208 1178 1433 1267 προόδωνῑ)

260 1278 346 1352 κατὰ
368 1289 601 1354 Παυσανίαν
625 1280 643 1354 5
667 1280 746 1365 τοὺς
764 1280 908 1365 ὀδόντας
927 1288 1080 1374 ἐξωτέρω
1100 1284 1186 1374 ’έχων
1204 1295 1268 1355 τοῦ
1287 1287 1432 1368 δέοντος,

220 1415 247 1454 10
260 1387 354 1460 καὶό
376 1390 637 1482 χαυλιόδωνῑ)
661 1395 717 1460 καὶ
736 1387 965 1480 ἄμφόδωνῧ)
988 1397 1045 1460 καὶ
1069 1387 1088 1460 5
1110 1391 1359 1480 χαλκόδωνέ)
1379 1396 1433 1459 καὶ

259 1493 301 1567 τὰ
318 1507 467 1567 τοιαῦτα.
493 1493 599 1566 Ἰακὸν
615 1500 661 1582 δέ,
680 1518 815 1584 φασιν,
836 1494 855 1567 5
876 1493 978 1583 όδών,
998 1493 1085 1568 ὅθεν
1103 1503 1160 1567 καί
1178 1495 1429 1587 όδόντισμαῡ)

261 1604 433 1685 διάλεκτος
452 1599 611 1695 αὐλητικὴ
629 1600 651 1694 ἢ
670 1605 799 1694 κροῦμά
818 1633 860 1675 τι.
884 1609 922 1674 of.
937 1631 966 1693 p.
984 1609 1079 1686 1872,
1098 1609 1148 1673 33.
1169 1603 1431 1693 xavladdoovss)

258 1711 322 1801 γόρ
346 1713 426 1795 ἐστι,
448 1715 602 1780 τουτέστι
625 1715 873 1800 κεχαλασμένον
895 1707 957 1781 τόν
977 1708 1103 1782 όδόντα
1127 1712 1190 1797 ἔξω
1209 1711 1297 1798 έχων
1318 1753 1359 1763 -
1380 1715 1430 1801 δῆ-

259 1827 321 1888 λον
345 1814 379 1886 δ’
402 1812 455 1887 ότι
477 1824 534 1887 καὶ
556 1819 744 1908 προόδων
768 1814 811 1887 ἂν
833 1821 964 1907 λέγοιτο
988 1815 1075 1888 κατὰ
1096 1812 1176 1900 τοὺς
1197 1813 1377 1902 παλαιοὺς,
1400 1819 1434 1886 οί

221 1950 246 1990 15
260 1944 378 2010 φασιν,
407 1919 460 1994 ότι
481 1924 670 2014 προόδων
694 1921 713 1994 5
736 1921 816 2006 τούς
840 1921 983 2006 ὀδόντας
1006 1927 1159 2014 ἐξωτέρω
1183 1925 1269 2013 ἔχων
1291 1935 1356 1994 τοῦ
1379 1928 1429 1995 δέ·

260 2057 368 2112 οντος.

349 2142 423 2208 284.
455 2142 627 2208 Eustath.
651 2165 681 2227 p.
704 2142 783 2219 983,
806 2142 859 2208 48.
893 2141 1006 2207 ἰστέον
1030 2142 1067 2208 δὲ
1090 2132 1143 2208 ότι
1166 2140 1204 2206 ἐκ
1227 2147 1289 2207 τοῦ
1313 2139 1430 2207 ἐνείκω

261 2249 356 2315 δοκεῖ
376 2250 530 2334 γίνεσθαι
552 2249 609 2313 καὶ
633 2241 652 2314 5
675 2241 760 2334 παρ’
777 2248 903 2332 Αἰλίῳ
927 2250 1124 2333 Διονυσίῳ
1143 2249 1295 2332 κείμενος
1312 2241 1430 2334 προό-

260 2357 445 2441 νεικοςῙ),
469 2350 573 2441 ἤγουν
593 2348 611 2420 5
631 2356 779 2439 κομίζων
801 2361 928 2440 μισθοῦ
951 2378 1027 2420 τινα
1047 2354 1082 2436 ἐξ
1104 2346 1209 2440 όγροῦ
1232 2347 1429 2441 (1.ἆγορᾶς).

220 2484 247 2524 ao
349 2462 423 2529 285.
455 2462 628 2528 Euolath.
647 2485 676 2546 p.
700 2463 793 2540 1025,
813 2463 865 2527 38.
896 2463 1023 2546 γίνεται
1043 2462 1079 2527 δὲ
1097 2452 1137 2527 τό
1155 2457 1289 2547 πρώιον
1312 2460 1350 2527 έκ
1372 2467 1432 2526 τοῦ

259 2571 364 2655 πρωὶ,
392 2562 439 2647 ὡς
461 2570 518 2635 καὶ
541 2559 580 2633 τό
603 2563 755 2654 πρόιμος
777 2570 834 2634 καὶ
856 2560 896 2634 τό
919 2564 1059 2655 πρωιζοί.
1083 2563 1294 2653 προϋπόρχει
1318 2567 1354 2633 δὲ
1378 2557 1432 2632 αό-

261 2804 343 2866 ξενος
361 2798 391 2855 δέ
412 2793 428 2854 5
447 2796 503 2875 ἰδίᾳ
521 2791 539 2866 ἢ
557 2792 706 2869 πατρόθεν
723 2796 805 2864 ξένος
824 2829 858 2837 -
876 2793 1032 2864 οίστόξενος
1051 2797 1082 2853 δὲ
1101 2793 1117 2852 5
1137 2795 1171 2852 ἐκ
1189 2793 1343 2869 προγόνων
1361 2797 1433 2852 τισίν

262 2885 413 2960 ἐπιχώριος
436 2917 471 2930 -
495 2883 648 2960 δορίξενος
670 2884 701 2941 δὲ
725 2881 741 2942 5
764 2885 892 2956 πολέμου
918 2882 1003 2959 χάριν
1025 2878 1044 2956 ἢ
1068 2883 1102 2942 ἐκ
1124 2884 1252 2955 πολέμου
1276 2885 1432 2955 φιλιωθείς.

260 2977 397 3047 Pleraque
416 2978 490 3032 inter
508 2993 538 3031 se
557 2978 741 3032 consentiunt.
770 2977 900 3046 Sequitur
918 2976 1093 3032 Pausaniam⁴
1106 2976 1143 3032 ad
1163 2970 1324 3046 δορόξενοιε
1348 2973 1431 3040 Suid.,

261 3067 297 3121 ad
316 3062 467 3132 ίδιόξενοςι
486 3067 564 3121 Phot.
584 3067 651 3121 Lex.
671 3067 785 3121 Bachm.
804 3067 866 3132 260,
884 3068 911 3121 3.
930 3067 995 3121 Hes.
1014 3067 1050 3135 gl.
1069 3067 1095 3121 2.

351 3156 373 3226 ⁰)
393 3156 474 3210 Oonv.
494 3155 560 3210 Has.
580 3156 616 3223 gl.
636 3158 660 3209 1.
680 3151 707 3210 οἳ
726 3153 803 3226 γένει
821 3152 875 3223 μὲν
893 3149 1101 3224 προσήκοντες,
1127 3149 1174 3209 ἐπὶ
1198 3151 1229 3209 δὲ
1247 3155 1297 3222 τῆς
1315 3150 1431 3208 ἀλλοδα-

263 3248 317 3311 πῆς
336 3238 496 3315 γεγονότες.
517 3245 547 3297 Β.
567 3245 601 3298 Α.
620 3244 682 3310 456,
701 3245 726 3300 5.

305 3333 366 3387 283.
388 3333 408 3399 1)
428 3333 510 3387 Conv.
529 3332 617 3401 phoa,
635 3331 685 3386 ubi
702 3332 797 3389 Nabar
815 3327 956 3402 προόδων
979 3330 1154 3386 scribendum
1173 3345 1235 3386 esse
1254 3336 1358 3386 censat.
1390 3331 1433 3384 An

261 3422 355 3476 racto?
383 3422 469 3476 Error
487 3420 511 3475 si
530 3422 633 3490 subest,
652 3421 743 3491 potius
762 3421 918 3476 Pausaniae
937 3420 1024 3490 ipsius
1042 3419 1161 3487 videtur,
1181 3419 1216 3476 of.
1232 3420 1264 3474 Β.
1279 3420 1313 3474 A.
1333 3420 1376 3489 58,
1391 3421 1432 3474 21.

261 3510 329 3566 Poll.
349 3511 385 3565 11.
404 3512 446 3566 36.
466 3511 531 3565 Ηεε.

350 3599 371 3664 ⁹)
390 3600 471 3655 Conv.
492 3598 565 3655 Suid.
585 3601 651 3655 Hos.
670 3600 738 3653 Lex.
757 3601 871 3654 Bachm.
890 3599 956 3666 413,
975 3599 1018 3653 26.
1037 3596 1082 3652 Et.
1100 3597 1139 3652 M.
1158 3596 1224 3664 807,
1242 3597 1287 3653 37.
1305 3597 1373 3666 493,
1393 3597 1432 3652 10.

260 3688 305 3744 Et.
325 3688 394 3744 (suo.
414 3690 474 3754 301,
495 3689 529 3744 54
547 3689 684 3757 (ultimam
702 3703 796 3742 vocem
815 3687 833 3740 l.
852 3682 1002 3756 ἀσπάλαξ).

349 3776 371 3842 ³)
390 3777 430 3832 Of.
450 3777 515 3832 Has.
534 3779 580 3833 Et.
599 3779 636 3832 M.
656 3777 703 3843 94,
723 3778 748 3833 5.
767 3776 834 3843 493,
853 3777 878 3831 8.
901 3776 946 3830 Et.
966 3775 1036 3830 Gud.
1056 3775 1121 3840 301,
1141 3775 1183 3831 51.
1190 3814 1198 3843 ,
1216 3775 1290 3830 undo
1314 3771 1433 3844 suspicio

261 3866 356 3932 oritur,
376 3866 461 3921 otiam
479 3863 676 3938 καρχαρόδους
694 3866 814 3935 glossam
832 3882 866 3920 ax
885 3867 981 3919 eodem
1000 3864 1077 3919 fonte
1096 3867 1185 3919 ortam
1204 3878 1273 3918 essa.

348 3957 371 4021 ⁴)
390 3955 464 4011 Suid.
485 3957 585 4011 lemma
604 3956 692 4010 solum
712 3955 838 4022 exhibat;
856 3971 922 4008 num
940 3955 1005 4009 Hes.
1019 3947 1222 4024 χαλκωδόντας
1239 3945 1361 4016 στόλους
1379 3952 1432 4007 huo

260 4043 400 4112 pertinet?

349 4131 370 4200 ⁶)
390 4128 557 4202 δδοντισμός
575 4133 751 4189 scribendum
769 4148 830 4188 ossa
849 4135 924 4202 puto,
944 4131 979 4188 of.
998 4132 1076 4187 Phol.
1094 4133 1160 4187 Hes.
1180 4130 1249 4186 Poll.
1268 4130 1304 4184 II.
1323 4129 1367 4185 84.

304 4221 365 4276 284.
389 4223 409 4290 ¹)
427 4223 508 4278 Oonv.
523 4224 610 4289 Phot„
629 4223 678 4278 ubi
696 4223 760 4277 vida
778 4220 884 4277 Naberi
902 4221 965 4276 adn.
995 4220 1034 4276 Of.
1049 4222 1126 4288 Has,
1145 4220 1192 4288 qui
1210 4218 1327 4274 alteram
1341 4215 1433 4273 Photii

260 4313 304 4377 (=
323 4311 409 4380 Suid.)
432 4312 552 4380 glossam
575 4330 638 4368 oum
661 4328 711 4367 sua
734 4311 880 4379 contraxit,
903 4311 971 4365 Lex.
991 4311 1102 4365 Bachm.
1121 4310 1187 4378 353,
1208 4311 1232 4363 1.
1250 4308 1295 4362 Et.
1314 4307 1353 4362 M.
1373 4307 1433 4372 691,

261 4401 303 4457 19.
319 4400 364 4456 Et.
380 4399 450 4457 ouo.
465 4401 526 4471 483,
541 4402 583 4458 48.
599 4403 630 4458 Β.
645 4401 678 4456 Α.
692 4401 778 4468 1415,
794 4399 828 4456 of.
844 4401 911 4455 Poll.
921 4400 983 4456 Vll.
1000 4399 1060 4454 132.
1075 4399 1162 4468 Koch,
1178 4398 1251 4454 Gom.
1266 4398 1315 4452 111.
1330 4414 1357 4466 p.
1372 4396 1432 4452 468.
