3000 5040
725 267 788 334 207

132 469 134 472 -
168 415 249 505 τούς
271 416 443 510 κωμικοὺς
459 421 602 512 μάλιστα
626 426 792 493 ἐκκλίνειν
815 435 885 494 πᾶν
907 420 947 494 τὸ
972 424 1049 513 έχον
1073 421 1190 514 σιγμδν
1213 431 1270 495 καὶ
1293 428 1344 512 ἐξ·

172 525 284 621 ἦγησιν
306 534 365 599 καὶ
385 529 518 618 ψόφον,
546 524 567 598 δ
590 542 631 618 τῇ
653 536 823 624 τραγῳδίᾳ
845 528 981 619 μάλιστ’
1005 528 1047 601 δν
1076 529 1246 622 ἁρμόττοι.
1290 534 1343 603 διδ

174 641 226 705 καὶ
250 636 467 726 διασύροντες
488 633 569 719 τοὺς
591 633 770 728 τραγικοές
792 643 1060 727 προσπαίζουσιν
1084 640 1121 708 έν
1142 648 1194 728 τῷ

303 743 430 826 έσαισας
457 740 541 834 ἡμᾶς
569 747 607 814 έκ
629 755 701 814 ταῖν
726 761 823 834 σῖγμα
846 757 918 815 τῶν
940 742 1128 834 Εὐριπίδου
1152 751 1248 838 (Plet.
1267 771 1344 817 com.

304 853 341 919 fr.
361 854 412 920 30.
431 854 544 942 noel).
1371 875 1383 913 ⁵

171 959 255 1045 λέγει
279 960 315 1026 δὲ
337 962 396 1027 καὶ
418 950 472 1027 δτι
494 961 660 1047 Περικλέα
683 964 766 1045 φασὶ
788 969 928 1049 πρῶτον
952 961 1102 1028 ἐκκλῖναι
1124 953 1186 1029 τὸν
1211 953 1265 1028 διὰ
1283 970 1345 1029 τοῦ

171 1083 189 1132 σ
212 1059 437 1154 σχηματισμὸν
460 1075 523 1134 τοῦ
546 1063 724 1153 στόματος,
751 1063 798 1148 og
821 1061 955 1158 ἀπρεπῆ
978 1070 1035 1134 καὶ
1057 1061 1200 1151 πλατὺν,
1221 1093 1345 1154 γυμνα-

170 1169 312 1258 ζόμενον
335 1165 387 1240 υἷεὶ
409 1167 495 1261 πρὸς
517 1167 557 1241 τδ
580 1172 785 1262 κάτοπτρον.
823 1178 881 1242 καὶ
904 1167 957 1242 ὅτι
983 1177 1181 1263 θετταλοὶί)
1204 1178 1261 1241 καὶ
1284 1181 1343 1242 Κι-

169 1291 249 1359 τιεῖς
268 1281 303 1370 (l
312 1285 470 1368 Κιττιεῖς)
480 1283 518 1369 ³),
537 1275 599 1367 οὐχ
617 1275 754 1349 οἱκατὰ
773 1284 946 1370 Φοινίκην,
966 1275 1087 1349 ἄλλόἱ
1100 1284 1179 1368 περὶ
1191 1276 1344 1368 Κύπρου,

171 1375 219 1452 οὖν
241 1382 340 1466 πόλις
362 1391 515 1470 Κίττιον,
544 1395 709 1476 κληθεῖσα
732 1382 838 1471 οὕτω,
866 1392 1004 1474 φασὶν,
1032 1381 1099 1455 ἀπὸ
1122 1391 1263 1456 Κιττίου
1285 1413 1343 1475 γυ·
1358 1406 1385 1445 1⁰

169 1489 286 1573 ναικός
308 1516 414 1577 τινος,
441 1492 649 1564 θάλατταν
677 1494 792 1582 έλεγον
815 1499 872 1563 καὶ
895 1499 1041 1563 πίτταν
1067 1498 1123 1561 καὶ
1148 1492 1343 1582 καρδιοότ-

170 1623 253 1666 τειν
276 1601 333 1666 καὶ
356 1605 591 1669 Ματταλίαν
614 1605 671 1670 καὶ
693 1611 849 1685 τοιαῦτα,
877 1594 941 1669 ὅσα
965 1595 1116 1688 οὐδαμοῦ
1133 1595 1257 1670 Ἀττικέ
1284 1626 1343 1669 νο-

169 1710 331 1792 μίζονται,
354 1700 438 1775 ἀλλὰ
456 1717 529 1775 τῶν
545 1707 710 1796 γειτόνων
729 1712 824 1797 φησὶ
840 1715 1017 1791 Βοιατῶν,
1041 1717 1090 1796 τῷ
1108 1706 1189 1797 μήτε
1201 1700 1344 1797 (Όμηρον

169 1811 249 1902 μήτε
276 1808 454 1901 τραγικοὺς
481 1813 563 1904 μήτε
590 1819 803 1904 θουκυδίδην
830 1810 850 1905 ἢ
876 1813 1046 1883 Πλάτωνα
1073 1823 1257 1904 κεχρῆσθαι
1284 1809 1343 1883 αὕ-

170 1933 247 2000 τοῖς.
283 1920 325 1989 ἐν
348 1923 388 1989 δὲ
411 1931 466 2010 τῷ
488 1924 596 1990 τέλει
613 1933 685 1990 τοῦ
704 1921 825 2010 λόγου
844 1926 964 2012 φησὶν
983 1917 1002 1990 ὁ
1022 1916 1141 2002 αὗτδς
1160 1915 1264 1990 οδτοο·
1287 1927 1345 1991 καὶ
1358 1948 1384 1987 15

164 2017 302 2117 Ὅμηρος
335 2029 371 2096 δὲ
402 2023 542 2118 ποιητὴς
574 2024 624 2097 clv
657 2033 714 2097 xci
746 2028 919 2117 ῥαψῳδῶν
949 2043 1127 2117 προσεῖχεν
1160 2025 1269 2110 ἄλλοις
1294 2040 1345 2117 τῳ

170 2128 269 2222 δγκῳ.
295 2127 347 2203 διὸ
371 2138 429 2202 καὶ
447 2129 630 2223 ἀρχόμενος
648 2144 706 2225 τῆς
723 2134 892 2224 ποιήσεως
911 2132 974 2204 οὐκ
993 2137 1118 2219 ιὀινίζει
1141 2130 1221 2205 οὐδὲ
1238 2131 1345 2225 ,,οεὴ“

169 2242 265 2327 λέγει,
289 2240 344 2309 ἵνα
366 2235 411 2331 μὴ
435 2246 608 2322 συστείλας
630 2238 672 2310 τὰ
693 2246 785 2332 χείλη
809 2237 930 2311 στενὸν
952 2239 1014 2311 τὸν
1038 2239 1143 2330 ὄγκον
1165 2246 1289 2331 ποιοίη.

257 2350 333 2415 299.
373 2351 546 2418 Eustath.
569 2374 599 2435 p.
624 2352 703 2428 204,
731 2352 782 2417 28.
824 2363 896 2430 ταῖς
929 2352 965 2418 δε
997 2347 1168 2428 τοιαύταις
1199 2350 1342 2437 regma)

170 2451 347 2542 σύστοιχον
373 2449 465 2542 παρὰ
492 2457 600 2542 Αἰλίῳ
628 2458 796 2551 Διονυσίῳ
824 2460 881 2523 καὶ
909 2450 948 2524 τὸ
978 2458 1191 2542 σιλλοῦνλ),
1224 2447 1244 2521 ὅ
1273 2455 1383 2522 ἐστιεο

168 2555 247 2641 τούς
271 2556 471 2648 ὀφθαλμοὺς
488 2555 593 2650 ἠρέμα
610 2564 820 2650 παραφέρειν
839 2563 891 2648 [έν
910 2563 980 2651 (ἐπὶ
1000 2564 1114 2651 Meier)
1133 2570 1183 2649 τῳ
1202 2564 1343 2646 διαφαυ-

169 2672 273 2752 λίζειν
295 2671 352 2735 καὶ
377 2665 568 2758 διασύρειν]

256 2778 331 2844 300.
364 2777 536 2844 Eustath.
555 2800 585 2861 p.
605 2777 684 2856 953,
702 2777 755 2844 53.
789 2778 969 2865 σημείοισαι
994 2777 1029 2843 δὲ
1053 2767 1107 2842 δτι
1130 2771 1216 2842 κατὰ
1239 2779 1343 2842 Παυ-

170 2883 342 2969 saviam)
363 2879 482 2970 σκότη
503 2880 694 2950 exetaceret
710 2880 892 2971 ζῳγράφοι,
911 2875 997 2950 ὅθεν
1016 2876 1343 2968 ἆπεσκοταιμένα,

169 2992 260 3079 φησὶ,
282 2981 325 3056 τὰ
349 2989 608 3077 έςῳγραφημένα
630 2993 688 3056 καὶ
710 2991 925 3078 κεχρωσμένα
949 2990 1089 3075 ἐλέγετο.
1357 3011 1382 3050 2⁵

260 3240 281 3308 ⁹)
299 3239 456 3310 Exempli
471 3240 562 3310 gretie
576 3240 656 3296 elleti
671 3245 734 3296 sunt
752 3241 889 3294 Θετταλοί
907 3238 952 3307 (cf.
967 3239 1163 3307 Meisterhens,
1182 3255 1209 3307 p.
1225 3239 1267 3293 77.
1285 3241 1341 3293 not.

170 3329 231 3396 729)
250 3332 280 3384 et
299 3329 430 3394 Κιττιεῖς,
450 3345 513 3398 non,
533 3333 564 3384 ut
582 3330 646 3385 aliis
664 3328 779 3398 placuit,
799 3343 894 3383 corum
912 3327 1009 3396 lingue
1027 3328 1192 3398 explicatur.
1221 3328 1344 3391 Κιττιεῖς

169 3417 242 3473 enim
261 3418 415 3474 Phoenices
434 3422 523 3473 erent.

259 3505 280 3577 υ)
298 3509 333 3562 A.
352 3509 385 3562 D.
404 3523 460 3563 non
484 3523 577 3563 errore
596 3507 760 3577 perductum
783 3506 824 3562 ito
847 3505 993 3576 scripsisse
1017 3505 1097 3576 (Neb.
1117 3505 1188 3561 Prol.
1208 3507 1266 3573 29),
1293 3505 1343 3560 sed

168 3600 276 3653 rectem
293 3596 411 3653 formem
429 3612 555 3652 servasse
574 3597 654 3652 docet
672 3597 793 3652 Boeekh.
814 3597 842 3651 0.
861 3597 882 3650 Ι.
903 3595 935 3650 0.
954 3596 975 3648 I.
995 3612 1021 3663 p.
1042 3595 1103 3649 523.

212 3686 274 3741 299.
295 3686 317 3755 ¹)
336 3688 410 3742 Ante
429 3686 593 3741 Eustathius
613 3687 648 3740 de
668 3686 762 3748 σίλλος
780 3685 893 3753 eiusque
913 3682 1047 3739 derivatis
1067 3683 1136 3751 egit:
1161 3681 1293 3747 fortusse,
1318 3681 1342 3735 si

169 3770 322 3846 σέστοιχον
334 3777 448 3845 premis,
467 3776 561 3831 omnia
578 3777 615 3830 ed
627 3776 689 3830 Ael.
705 3775 785 3829 Dion.
798 3776 956 3829 revocando
969 3777 1041 3827 sunt.
1065 3771 1205 3840 Imprimis
1219 3786 1271 3826 vox
1285 3771 1342 3824 σιλ-

168 3864 277 3918 λαίνειν
290 3866 363 3918 hene
377 3864 563 3933 suspicionem
575 3867 675 3932 movet,
696 3881 757 3918 cum
775 3880 819 3932 ep.
832 3864 898 3917 Hes.
912 3863 980 3917 Poll.
994 3862 1029 3916 II.
1043 3860 1079 3916 54
1097 3859 1155 3928 (qui
1169 3861 1205 3915 ed
1220 3853 1296 3922 ἷλλός
1307 3883 1342 3903 =

170 3953 279 4019 oculus,
304 3953 338 4007 cf.
358 3953 391 4008 fr.
411 3954 472 4008 209.
490 3959 546 4008 not.
566 3956 590 4008 7.
610 3953 645 4007 fr.
665 3955 725 4008 225.
745 3958 801 4006 not.
821 3953 855 4020 5.,
874 3953 1016 4021 provocet)
1036 3951 1133 4004 eedem
1157 3947 1342 4018 explicatione

169 4047 265 4096 utetur
287 4047 372 4111 atquc
395 4042 517 4096 σιλλοῦν.
548 4041 588 4097 Cf.
607 4043 685 4097 Phot.
705 4040 848 4096 σιλλαίνει.
877 4041 944 4095 Lex.
964 4039 1077 4094 Bechm.
1095 4037 1157 4105 364,
1178 4038 1219 4092 19.
1239 4037 1283 4090 Et.
1303 4037 1341 4090 M.

169 4130 230 4194 713,
249 4131 273 4185 7.
293 4130 367 4186 Suid.

259 4218 280 4287 ⁹)
300 4220 382 4275 Conv.
394 4221 482 4287 Phot,
502 4219 537 4274 ci.
550 4220 617 4274 Hcs.
633 4218 729 4273 σιλλοί.
754 4218 859 4274 Ultima
873 4217 1033 4272 dubitanter
1047 4215 1141 4282 effero,
1162 4231 1223 4270 cum
1239 4214 1343 4269 similia

168 4313 277 4364 tentum
295 4309 414 4365 redeunt
432 4326 477 4379 op.
496 4311 527 4364 B.
543 4310 578 4363 A.
598 4310 641 4374 36,
660 4309 704 4363 20.

214 4399 274 4454 300.
294 4398 317 4468 ¹)
337 4398 377 4454 cf.
398 4397 431 4454 ir.
451 4400 512 4453 217.
531 4403 587 4452 not.
602 4399 643 4452 18.
673 4397 749 4452 Idem
768 4395 884 4465 protulit
902 4396 981 4450 Eust.
1001 4395 1081 4463 1256,
1100 4395 1143 4450 44.
1161 4393 1256 4448 -De
1277 4408 1342 4448 voce
