3000 5040
833 295 896 361 164

365 454 437 520 183.
479 453 653 518 Eustath.
676 477 705 538 p.
733 455 832 531 1747,
857 458 885 520 1.
925 453 1188 542 Παυσανίαςῑ)
1208 453 1247 520 δέ
1263 470 1379 542 φησιν,
1398 445 1451 521 ότι

272 564 438 637 Βοιωτοῖς
462 556 599 646 ἔχρησεν
623 552 641 626 5
665 552 757 637 θεός,
782 557 869 627 ἔνθα
892 561 1006 626 λευκοὶ
1024 556 1167 646 κόρακες
1184 553 1301 638 αὐτοῖς
1324 553 1448 644 ὀφθῶ-

273 686 336 746 σιν,
347 665 418 732 ἐκεῖ
429 679 609 731 κατοικεῖν.
630 663 760 744 ἰδόντες
770 655 842 743 οὖν,
856 685 964 753 φησι,
974 663 1122 752 κόρακας
1135 666 1344 751 πετομένους
1355 660 1448 756 [τοὺς

272 766 479 850 Ἀπόλλωνος
497 775 580 838 adde
595 796 634 838 ex
648 773 750 850 Phot,
765 774 802 839 cf.
819 774 886 838 Val.
900 775 993 849 Rosa,
1011 773 1142 838 Aristot.
1162 772 1267 857 frgmt.
1286 795 1338 840 no.
1357 774 1448 859 496.]

244 881 349 964 ιπερὶ
372 872 434 944 τόν
457 872 685 964 Παγασιτικόν
707 875 852 957 κόλπον,
880 870 940 958 οὓς
966 873 1088 945 ἄκακοι
1114 881 1232 957 παῖδες
1255 875 1449 964 έγόψωσαν,

271 980 409 1073 ᾤκησαν
432 985 515 1066 ἐκεῖ,
538 986 738 1064 καλέσαντες
760 979 800 1052 τό
823 988 950 1072 χωρίον
972 982 1127 1072 κόρακας.
1160 976 1304 1072 όστερον
1328 986 1366 1052 δὲ
1389 986 1447 1052 Αί-

271 1096 360 1170 ολεῑς
383 1088 584 1173 ἐκβαλόντες
611 1084 734 1170 αὐτοὺς
762 1090 914 1177 ἔπεμπον
942 1090 1013 1157 έκεῑ
1036 1084 1117 1170 τούς
1143 1092 1447 1178 φυγαδευομένους.

271 1192 290 1267 5
320 1191 354 1265 δ’
378 1191 480 1275 αὐτὸς
507 1199 593 1282 λέγει
622 1201 679 1264 καὶ
707 1190 761 1264 ότι
786 1193 1050 1284 Ἀριστοτέλης
1079 1198 1128 1282 (fr.
1148 1199 1222 1264 496.
1246 1199 1315 1264 val.
1339 1201 1448 1286 Rose.)

271 1304 411 1392 ἱστορεῖ,
435 1311 554 1390 λοιμοῦ
577 1301 805 1388 κατασχόντος
828 1307 885 1370 καί
908 1301 1068 1390 κοράκων
1090 1309 1230 1370 πολλῶν
1252 1305 1449 1390 γενομένων

231 1438 257 1476 ιο
271 1405 351 1490 τοὺς
391 1404 599 1496 ἀνθρώπους
640 1409 851 1498 θηρεύοντας
887 1403 1010 1489 αὐτοὺς
1046 1413 1103 1476 καὶ
1138 1413 1448 1498 περικαθαίροντας

270 1513 448 1595 ἀπαοιδαϊς
467 1510 603 1600 ἀφιέναι
621 1520 678 1583 καὶ
692 1517 857 1603 ἐπιλέγειν
875 1526 925 1604 τῷ
943 1523 1050 1603 λοιμῷ
1068 1509 1180 1602 φεῦγ’
1199 1516 1238 1596 ές
1259 1514 1446 1604 κόρακας.

270 1619 289 1692 5
318 1625 354 1691 δὲ
382 1624 570 1701 Αἴσωπος
598 1626 676 1711 (fab.
701 1647 750 1690 no.
777 1628 865 1709 101).
887 1620 1027 1690 πλάττει
1049 1629 1204 1708 μυθικῶς
1226 1617 1369 1690 κολοιόν
1392 1624 1446 1708 μέ-

269 1757 345 1817 γαν,
378 1733 562 1815 νομίσαντα
593 1742 665 1808 τοῖς
695 1726 835 1816 κόραξιν
868 1730 1075 1812 ἐξισοῦσθαι,
1107 1735 1287 1815 προσμῖξαι
1320 1723 1448 1812 αὐτοῖς,

269 1831 460 1924 ἡττηθέντα
488 1837 524 1902 δὲ
552 1830 762 1922 ὑποστρέψαι
789 1833 892 1902 πάλιν
919 1836 966 1914 είς
992 1828 1072 1914 τοὺς
1094 1832 1260 1914 κολοιούς.
1304 1829 1386 1915 τοὺς
1410 1837 1447 1904 δὲ

231 1967 256 2006 15
271 1936 565 2028 ἀγανακτήσαντας
592 1946 707 2009 παίειν
734 1936 840 2010 αὐτόν
867 1945 924 2008 καὶ
950 1947 1036 2023 βοᾶν
1063 1935 1182 2026 ,φεῦγ’
1205 1941 1239 2020 ές
1265 1938 1445 2028 κόρακαςίῑ.

264 2042 500 2134 Ἀριστείδης
525 2049 560 2113 δὲ
584 2042 772 2115 ἀποδίδωσι
791 2041 904 2116 διὰτὸ
924 2047 961 2113 έν
980 2047 1112 2134 τραχέσι
1129 2043 1248 2126 τόποις
1266 2050 1324 2114 καί
1341 2072 1447 2136 κρημ-

269 2151 392 2220 νώδεσι
420 2148 500 2232 τοὺς
523 2151 672 2241 κόρακας
699 2161 995 2221 νεοσσοποιεῖσθαι
1022 2154 1130 2240 λέγειν
1157 2147 1242 2242 ἡμᾶς
1267 2147 1390 2240 ,φεῦγ’
1414 2154 1448 2234 ές

269 2257 448 2346 κόρακαςίί,
472 2252 492 2326 5'
516 2260 607 2327 ἐστιν
632 2261 679 2339 εἰς
702 2254 940 2349 ἀποκρήμνους
962 2257 1091 2339 τόπους
1113 2262 1171 2327 καὶ
1194 2259 1240 2339 είς
1262 2257 1413 2348 φθοράν.

361 2369 433 2432 184.
467 2368 640 2454 Ειιείαίίι.
660 2391 688 2452 p.
711 2369 811 2445 1446,
835 2370 886 2434 20.
912 2367 982 2434 ἐστὶ
1005 2367 1041 2434 δὲ
1063 2359 1104 2433 τό
1127 2367 1189 2452 μὲν
1213 2358 1359 2454 slew)
1385 2361 1446 2455 ἀρ-

230 2497 256 2537 so
267 2486 375 2558 χαῖον,
400 2467 497 2539 οὔπω
522 2473 765 2560 ἐπινοηθέντος
787 2482 849 2540 τοῦ
870 2475 982 2558 μαόᾶν
1005 2464 1103 2540 όόατι
1127 2473 1244 2555 ζέοντι.
1277 2475 1336 2539 καί
1357 2475 1447 2559 γίνε-

268 2604 323 2645 ται
356 2572 418 2645 ἀπ’
442 2572 548 2645 αὐτοῦ
580 2581 637 2645 καὶ
669 2572 688 2666 ἦ
721 2569 880 2666 εὗστρα,
913 2573 959 2658 ὡς
991 2581 1088 2666 δηλοῖ
1117 2581 1174 2645 καί
1199 2572 1217 2646 5
1246 2571 1447 2665 κωμικὸςῑ),

268 2678 353 2773 ἥπερ
378 2685 470 2751 ἐστὶν
494 2681 722 2772 ἐργαστήριον,
746 2685 782 2751 έν
805 2675 834 2771 ᾦ
855 2699 965 2772 χοῖροι
992 2688 1050 2751 καὶ
1072 2693 1212 2752 τοιαῦτα
1236 2677 1387 2752 εόονται·
1413 2684 1446 2753 οἱ

269 2793 305 2858 δὲ
328 2794 467 2857 παλαιοί
491 2809 594 2874 φασιν
618 2782 722 2858 οὕτω·
756 2781 892 2877 εὖοτρα·
925 2788 1067 2877 βόθρος,
1091 2791 1127 2857 έν
1151 2781 1180 2878 ηό
1203 2791 1446 2879 περιφλέγουσι

267 2891 327 2975 τὰς
349 2905 420 2962 τῶν
444 2891 515 2962 ὑσίν
539 2900 659 2982 τρίχας.
702 2889 788 2962 κατὰ
806 2899 1077 2984 Παυσανίαυί)
1104 2898 1139 2963 δὲ
1161 2889 1202 2963 τό
1226 2897 1264 2963 ἐκ
1288 2895 1445 2984 σταχύων

229 3027 255 3067 as
268 3003 472 3068 καυθέντων
491 3001 612 3086 έδεσμα
629 2995 710 3080 τοὺς
729 2995 912 3089 ἀνθέρικας
932 2999 1187 3084 ἀποβαλόντων,
1208 2997 1285 3090 ἢτοι
1307 2995 1327 3069 5
1350 3027 1444 3091 περι-

267 3109 473 3193 κεκαυμένος
498 3106 626 3193 στάχυς.
650 3107 758 3194 ἕτεροι
783 3108 833 3189 δὲ,
861 3100 914 3175 ότι
936 3101 957 3197 ἡ
980 3103 1088 3197 οόρίμη
1110 3102 1228 3196 κριθὴ,
1250 3099 1271 3195 ἢ
1294 3111 1352 3175 καὶ
1376 3102 1444 3195 ἀμ-

267 3216 481 3297 φίκαυστις
503 3207 595 3301 παρὰ
617 3215 744 3300 Αἰλίῳ
763 3216 970 3302 Διονυσίῳ.
998 3217 1141 3300 κωμικοὶ
1165 3215 1201 3282 δὲ
1224 3216 1282 3281 καὶ
1305 3213 1363 3282 έπὶ
1384 3240 1443 3302 γυ-

314 3428 373 3481 183.
394 3427 416 3496 1)
435 3428 549 3481 Prorsus
573 3428 702 3482 convenit
720 3428 847 3494 Photius,
872 3445 953 3497 quem
976 3428 1046 3483 Nab.
1067 3444 1101 3483 ex
1124 3428 1252 3484 Eustath.
1272 3427 1440 3484 emendavit.

266 3515 387 3570 Primam
406 3524 435 3570 et
453 3517 565 3570 tertiam
584 3517 707 3570 fabulam
726 3511 875 3582 αὐτολεξελ
893 3516 1000 3586 profert
1022 3518 1067 3571 Et.
1087 3517 1156 3571 Gud.
1176 3518 1218 3585 64,
1237 3517 1281 3572 34.
1318 3515 1442 3572 Primam

266 3603 389 3658 fabulam
414 3621 500 3673 usque
526 3606 560 3659 ad
580 3605 740 3659 Aristotelis
764 3606 951 3660 testimonium
972 3605 1059 3660 fusius
1078 3605 1217 3660 Zenobius
1235 3607 1286 3660 Ill.
1306 3606 1348 3660 67.
1368 3603 1440 3660 Mill.

265 3694 330 3747 Mel.
349 3710 376 3761 p.
396 3695 456 3747 356.
476 3695 565 3748 Sohol.
581 3695 664 3748 Clam.
679 3694 759 3747 Alex.
779 3695 831 3748 vol.
847 3695 893 3748 IV.
913 3712 938 3763 p.
959 3697 1001 3760 97,
1021 3695 1064 3749 67.
1084 3694 1174 3748 Klotz.
1192 3693 1347 3762 proferunt,
1365 3694 1440 3748 unde

266 3782 417 3848 descripsit
435 3782 555 3850 priorem
575 3783 683 3850 glossae
707 3788 815 3850 partem
835 3782 946 3848 Surdas,
971 3783 1026 3851 qui.
1042 3781 1143 3836 deinde
1161 3782 1328 3837 Pausaniam
1346 3781 1439 3851 sequi-

265 3874 318 3922 tur.
338 3870 441 3938 (Negat
459 3871 490 3923 E.
510 3871 647 3937 Zarnclre,
668 3871 785 3941 Symbol.
806 3871 841 3924 ad
860 3871 928 3924 Poll.
947 3871 1023 3939 Lips.
1045 3872 1123 3926 1885.
1142 3888 1169 3940 p.
1188 3872 1241 3937 55).
1277 3869 1358 3924 Prior
1374 3885 1438 3925 nar-

264 3958 731 4025 ratio.ap.Schol.Ar,Nub.133„
753 3959 825 4013 unde
844 3960 958 4013 Photius
978 3959 1156 4028 corrigendus
1175 3963 1225 4014 est.
1253 3959 1386 4014 Fortasse
1404 3974 1439 4012 ex

265 4052 360 4098 nostra
378 4047 471 4113 glossa
489 4047 675 4116 colligendum
694 4053 744 4112 est,
765 4047 842 4101 Phot.
859 4063 919 4102 av.
939 4048 1123 4117 σκορακίζειν
1140 4049 1176 4116 gl.
1190 4049 1215 4102 8.
1228 4073 1262 4092 =
1281 4047 1348 4102 Hes.
1363 4045 1437 4102 Suis.

264 4131 309 4186 Et.
330 4134 367 4186 M.
388 4136 448 4200 719,
468 4137 492 4189 7.
512 4137 615 4190 Zenob.
636 4137 668 4189 V.
688 4136 729 4190 96.
751 4151 785 4188 ex
804 4136 901 4189 eodem
920 4136 996 4190 fonte
1016 4135 1137 4191 fluxisse.

310 4222 370 4274 184.
390 4223 411 4285 1)
431 4223 470 4276 cf.
491 4225 569 4278 Euat.
584 4226 661 4287 1286,
675 4225 718 4279 20.
739 4224 819 4278 Conv.
836 4224 902 4278 Hes.
923 4228 952 4278 et
970 4225 1059 4279 Schol.
1080 4227 1104 4279 1.
1124 4227 1172 4279 Ar.
1192 4225 1243 4292 Eq.
1265 4224 1344 4279 1236.
1362 4221 1437 4279 auid.

263 4308 308 4363 Et.
327 4310 365 4364 M.
385 4313 445 4378 398,
464 4313 510 4366 31.
529 4314 566 4381 gl.
588 4315 611 4367 1.
630 4313 698 4367 Poll.
718 4312 766 4367 Vl.
786 4314 830 4367 91.

353 4397 374 4466 ί)
393 4399 547 4454 Pausaniae
567 4401 693 4456 doctrina
713 4416 766 4455 noa
786 4401 913 4456 recurrit.
947 4401 1008 4457 ael.
1028 4402 1109 4457 Dion.
1128 4402 1216 4457 habes
1238 4416 1283 4471 ap.
1303 4401 1393 4458 Schol.
1412 4401 1437 4459 8.
