3000 5040
93 909 159 993 111.
196 910 319 993 ludex
347 912 698 1011 grammaticorum,
726 912 1101 1015 lexicographorum,
1130 933 1317 996 common·

244 1091 427 1185 batorum,
456 1110 551 1190 quos
580 1090 806 1174 llustmbiue
833 1093 915 1194 ipse
943 1092 1170 1190 adhibuit).

92 1319 274 1386 Alexander
311 1320 568 1406 Aphrodisiensis
734 1323 865 1406 Apionis
888 1329 921 1388 et
943 1324 1101 1391 Herodori
1127 1328 1317 1390 commenta·

521 1427 615 1505 1405,
625 1427 677 1493 53.
777 1431 844 1494 rius
875 1430 908 1494 in
939 1430 1072 1496 Iliadem
1104 1431 1152 1517 (iu
1184 1430 1318 1514 Odyssia

92 1533 238 1599 Amerias
292 1539 324 1599 et
374 1534 600 1619 Neoptolemus
645 1532 678 1601 oi
777 1537 910 1620 vestigia
934 1537 1028 1621 plane
1051 1537 1193 1623 desunt):
1227 1537 1278 1614 28,
1288 1538 1318 1601 3.

137 1635 393 1726 γλωσσογράφοι
543 1642 676 1718 757,19.
776 1643 890 1719 47,13.
919 1645 1011 1721 62,2.
1039 1645 1151 1722 65,14.
1183 1643 1317 1720 11837.

93 1780 301 1788 ..-—--.———--
341 1779 411 1785 ..—

183 1857 204 1924 l)
223 1856 336 1911 Ceteros
348 1858 475 1910 auctores
493 1854 643 1922 Eustatbii,
665 1856 788 1924 quamvis
807 1858 883 1912 lacer
902 1857 939 1912 sit
957 1858 1041 1913 index
1060 1858 1193 1926 Fabricii,
1212 1858 1317 1913 addere

92 1945 242 2001 noluimus:
271 1944 360 2015 primo
378 1945 449 2014 quod
468 1944 634 2000 scholiorum
653 1945 861 2002 Homericorum
881 1946 1016 2002 editiones
1035 1947 1179 2003 absolutae
1197 1949 1317 2002 nondum

93 2039 204 2106 praesto
223 2039 287 2090 suut
305 2033 437 2104 ideoque,
461 2033 528 2103 quid
552 2050 586 2090 ex
606 2035 718 2090 scholiis
737 2037 774 2090 ad
792 2036 969 2092 Eustathium
992 2037 1148 2104 transierit,
1173 2037 1239 2107 quid
1257 2037 1318 2108 ipse

95 2125 251 2194 inspexerit
274 2123 318 2179 vel
338 2123 521 2194 excerpserit,
545 2123 667 2179 discerni
685 2127 805 2180 noudum
829 2130 925 2194 queat:
951 2125 1051 2182 deiude
1075 2127 1146 2196 quod
1171 2126 1317 2204 episcopus

95 2213 246 2284 praecipue
269 2215 306 2268 ad
328 2213 477 2283 scriptores
501 2213 644 2283 classicos,
669 2231 783 2283 quorum
803 2215 858 2270 loci
877 2214 960 2271 facile
979 2215 1164 2282 inveniuntur,
1184 2218 1317 2286 respexit.

94 2303 234 2368 Sufficiat,
258 2306 290 2357 ut
308 2301 432 2357 dicamus
452 2302 478 2357 ei
497 2306 611 2372 praeter
629 2307 757 2358 auctores
776 2305 876 2360 atticos
897 2304 986 2374 quinti
1005 2311 1035 2360 et
1053 2306 1146 2375 quarti
1164 2305 1270 2362 saeculi
1289 2311 1319 2362 et

93 2393 264 2449 Herodotum
276 2391 427 2462 praecipue
440 2393 471 2447 in
484 2392 593 2447 deliciis
611 2392 697 2448 fuisse
710 2394 894 2463 Athenaeum,
907 2395 1124 2465 Lycophronem‚
1139 2395 1318 2463 Nicandrum,

93 2482 281 2548 Theocritum,
296 2482 468 2548 Strabonem,
483 2481 653 2552 Stephanum
667 2483 838 2553 Byzantium,
855 2483 1063 2548 Callimachum,
1076 2483 1240 2554 Oppianum,
1253 2484 1318 2540 Plu-

95 2575 228 2628 tarchum.
266 2571 386 2640 Quorum
405 2570 514 2626 codices
532 2571 696 2641 plerumque
715 2572 849 2640 cumeis,
874 2572 973 2642 quihus
997 2589 1045 2628 nos
1064 2573 1179 2643 utimur,
1203 2589 1317 2629 consen-

93 2661 196 2717 tientes
223 2660 385 2717 adhibuisse
409 2660 527 2716 videtur.
564 2662 740 2716 Athenaeum
763 2661 898 2731 imprimis
926 2667 984 2718 tam
1006 2662 1158 2718 innumeris
1181 2665 1250 2719 locis
1273 2665 1318 2719 vel

93 2750 199 2806 diserte
213 2751 311 2806 laudat
330 2751 374 2804 vel
388 2749 529 2814 exscribit,
550 2753 582 2804 ut
594 2766 684 2819 paene
703 2750 821 2806 alterum
837 2751 980 2822 exemplar
997 2753 1118 2808 rhetoris
1136 2753 1317 2809 Naucratitae

93 2839 293 2895 existimandus
316 2838 360 2894 sit.
396 2840 494 2908 Neque
517 2855 582 2894 vero
606 2840 707 2894 desunt
728 2840 784 2895 loci
807 2847 951 2896 auctorum
969 2840 1129 2910 posterioris
1148 2843 1262 2911 aetatis,
1287 2847 1319 2897 ut

94 2929 234 2984 Aeliani
257 2930 372 2999 (58,37.
398 2929 619 2996 71,9.100,14.
643 2929 762 2996 495,41.
783 2931 901 2994 baala.
923 2932 1042 2997 77255.
1062 2932 1179 2997 797,27.
1200 2933 1317 2998 1175,8.

93 3019 386 3087 1241,44.1351,30.
408 3019 543 3083 1390,26.
565 3019 701 3081 140446.
722 3019 857 3086 1493,58.
877 3021 1013 3088 1653,16.
1034 3021 1112 3087 1756,
1122 3022 1164 3076 30.
1185 3022 1263 3089 1757,
1274 3023 1317 3078 51.

93 3109 171 3174 1870,
181 3108 243 3171 55.)
263 3106 361 3162 Arati
378 3108 449 3175 (128,
459 3108 502 3161 24.
523 3107 583 3170 140,
593 3108 636 3162 28.
656 3109 770 3175 565,Ιο
791 3109 904 3176 791,18.
925 3109 1062 3175 1034,11.
1088 3111 1217 3176 115611.
1238 3111 1316 3178 1457,

93 3197 136 3251 22.
163 3197 245 3264 1649,
261 3197 303 3251 35.
327 3196 370 3251 43.
396 3196 478 3260 1752,
493 3197 536 3251 53.
567 3196 703 3263 181630.
728 3197 879 3264 185619),
903 3196 1044 3253 Arriani
1067 3197 1127 3266 (29,
1142 3199 1168 3253 8.
1191 3201 1256 3265 101,
1274 3199 1318 3254 45.

95 3287 154 3353 123,
164 3287 208 3341 36.
227 3286 270 3341 44.
291 3285 408 3350 125,30.
427 3287 547 3353 336,13.
566 3287 686 3351 351,30.
705 3286 823 3351 354,14.
842 3288 944 3354 361,5.
964 3289 1066 3355 364,1.
1086 3289 1149 3353 375,
1159 3290 1184 3343 3.
1204 3289 1317 3354 405,17.

93 3375 155 3440 414,
165 3375 209 3430 30.
228 3375 290 3442 533,
301 3376 326 3428 1.
339 3375 400 3439 626,
410 3375 453 3429 23.
469 3375 528 3440 673,
539 3376 581 3429 46.
596 3376 657 3441 674,
668 3376 692 3429 9.
707 3376 768 3442 678,
777 3375 821 3429 27.
836 3375 897 3440 691,
907 3376 950 3431 47.
970 3376 1031 3444 881,
1043 3379 1086 3432 61.
1106 3378 1166 3446 916,
1177 3378 1220 3432 26.
1240 3377 1318 3443 1078,

93 3466 135 3518 20.
156 3464 293 3531 140636.
313 3464 450 3531 1445,52.
476 3465 610 3531 1493,47.
631 3465 748 3532 1615,3.
774 3460 805 3518 ἐν
819 3468 852 3533 τῇ
871 3460 970 3534 Ἰνδικῇ
989 3466 1107 3534 474,36.
1132 3463 1164 3521 ἐν
1183 3468 1318 3522 Βιθυνια-

93 3561 167 3616 κοῑςι
191 3553 287 3622 490,4.
307 3553 367 3618 565,
378 3554 403 3608 4.
423 3555 483 3617 691,
494 3553 537 3607 48.
558 3554 705 3624 1017,20).
736 3553 903 3622 Diogenis
922 3554 1057 3609 Laertii
1075 3557 1220 3624 (896,63),
1239 3555 1318 3610 Dio·

92 3643 146 3697 nis
169 3642 214 3696 vel
234 3642 344 3698 Cassii
364 3643 409 3696 vel
427 3643 631 3698 Prusaensis
658 3645 732 3710 (133,
747 3645 772 3698 8.
798 3644 921 3707 655,14.
944 3645 1106 3711 1961,15.),
1131 3644 1254 3700 Galeni
1277 3643 1320 3714 (ἐν

93 3739 152 3796 τοῖς
171 3727 212 3795 εἰς
233 3731 360 3798 Τίμαιον)
379 3731 457 3797 1447,
468 3733 510 3787 28.
539 3731 762 3800 Hermogenis
781 3734 839 3800 (12,
852 3733 893 3787 24.
914 3734 1033 3800 148,31.
1052 3733 1113 3798 809,
1124 3734 1167 3788 27.
1187 3735 1265 3801 1133,
1275 3735 1318 3790 35.

94 3822 224 3888 142215.
246 3821 323 3886 1653,
335 3821 378 3876 48.
398 3821 476 3888 1682,
487 3821 529 3875 23.
550 3822 628 3888 1854,
639 3822 693 3890 23.)
712 3822 858 3877 Himerii
877 3824 948 3889 (159,
958 3824 1001 3878 26.
1021 3824 1090 3877 1637
1096 3865 1102 3888 ,
1115 3823 1155 3877 17.
1178 3823 1255 3893 1710,
1264 3826 1319 3889 39.)

92 3909 318 3979 Hippocratis
340 3910 472 3977 (64343.
498 3911 562 3977 647,
577 3911 620 3966 29.
646 3911 728 3978 1364,
744 3912 786 3966 52.
812 3913 952 3977 1547,31.
978 3913 1113 3977 167231.
1139 3909 1170 3967 ἐν
1193 3917 1233 3985 τῷ
1253 3916 1320 3984 περὶ

92 3996 184 4063 ὀξέων
205 4001 282 4065 1367,
292 4000 335 4054 27.
356 3995 387 4053 ἐν
405 4002 447 4070 τῷ
462 4000 627 4071 συμβολικῷ
648 4001 725 4065 1547,
735 4002 787 4065 31,
808 3997 839 4054 ἐν
852 4004 891 4073 τῷ
905 4002 971 4071 περὶ
984 3996 1154 4071 τραυμάτων
1168 4002 1318 4070 1700‚14.)‚

92 4088 376 4155 1151611α11(79,7.
391 4089 504 4143 11419.
519 4090 579 4157 190,
590 4090 633 4143 28.
653 4090 766 4153 27913.
785 4091 846 4155 360,
856 4091 899 4145 43.
919 4093 979 4158 626,
990 4091 1031 4146 20.
1052 4093 1113 4157 951,
1124 4093 1166 4147 53.
1187 4093 1265 4162 1439,
1275 4094 1317 4146 24.

93 4179 171 4245 1461,
181 4179 224 4234 47.
246 4178 398 4246 1807,18.),
417 4176 545 4233 Iuliani
564 4182 654 4246 (quem
674 4177 820 4247 episcopus
837 4180 998 4249 plerumque
1012 4175 1181 4252 παραβάτην
1193 4182 1319 4251 appellat

92 4268 187 4330 3817.
210 4269 304 4332 160,1.
324 4267 386 4332 410,
396 4269 439 4322 21.
458 4268 518 4335 600,
528 4267 571 4323 40.
590 4269 650 4333 626,
661 4270 703 4324 56.
721 4269 782 4334 877,
792 4269 860 4337 47),
879 4269 1017 4325 Libanii
1035 4272 1107 4341 (844,
1122 4271 1165 4326 49.
1183 4272 1262 4338 1282,
1275 4271 1318 4326 42.

94 4358 170 4423 1639,
181 4358 222 4412 45.
244 4358 326 4425 1867,
338 4359 380 4412 62.
402 4356 537 4423 1951,10.
561 4354 601 4422 εἰς
624 4351 674 4412 τὸν
692 4351 843 4413 Ἰουλιανόν
866 4361 1025 4428 1421,59.),
1045 4360 1190 4416 Luciaui
1208 4361 1281 4427 (100,
1293 4361 1317 4415 7.
