3000 5040
757 245 821 310 114

287 400 339 466 61.
362 399 536 466 Euotath.
555 423 585 485 p.
604 401 680 480 965,
697 402 750 468 44.
778 415 885 468 κειται
909 402 946 469 δὲ
968 394 1008 469 τὸ
1031 395 1369 491 ἀποσιμοῦσθαιῑ)

198 497 290 592 παρὰ
308 518 381 584 τοῖς
399 511 564 588 παλαιοῖς,
586 501 672 594 παρ’
691 503 741 587 οίς
762 502 805 575 οὐ
822 505 931 595 μόνον
949 501 1177 596 ἀπεσίμοοσε
1195 503 1238 578 τὸ
1257 504 1370 597 ύυοοσε

199 614 256 679 καὶ
278 604 365 698 πρὸς
387 605 427 679 τό
452 609 691 700 λαμπρότατον
714 609 814 702 ήγαγε
837 608 924 682 κατὰ
946 617 1183 684 Παυσανίαν
1206 608 1370 683 ἀλλὰκαὶ

198 710 450 804 ἇποσιμιύσαι
472 712 512 785 τὸ
535 722 734 806 μετεωρίσαι
756 715 816 800 τὰς
838 731 921 800 ναῦς
942 715 1035 809 παρὰ
1063 723 1266 808 Θουκυδίδῃ.

170 848 184 888 o
286 827 337 892 62.
366 827 539 894 Eustath.
558 850 587 912 p.
608 829 683 906 967,
702 829 753 895 21.
787 821 918 916 ὁπαρά
936 836 987 915 τῷ
1004 829 1217 919 Παυσανίᾳ
1237 820 1292 896 oui
1309 835 1369 896 τοῦ

194 957 216 1017 χ
233 928 401 1020 τύχοςῑ),
424 925 470 1012 ὡς
489 930 617 1012 ἐκεῖνός
636 952 728 1022 φησι,
750 931 949 1017 λιθοξοϊκόν
968 934 1039 1002 ἐστι
1058 931 1224 1023 σιόήριον,
1246 927 1312 1021 ἀφ’
1329 925 1369 1002 οὗ

197 1030 439 1124 ἀποτυχίσαι
462 1041 565 1106 λίθον
587 1033 627 1106 τὸ
651 1033 913 1128 ἀποπελεκῆσαι.

286 1147 338 1212 63.
360 1147 535 1214 Eustath.
550 1170 580 1232 p.
596 1148 734 1226 86618.
758 1140 957 1233 ἀπόψυξις
969 1149 996 1236 ¹)
1013 1139 1035 1235 ή
1054 1139 1367 1234 ἀποπνευμιίτοοσις,

197 1243 243 1330 ὡς
263 1254 494 1331 Παυσανίας
517 1255 620 1340 δηλοῖ.

157 1381 184 1421 ιο
286 1360 338 1426 64.
371 1360 543 1427 Euatath.
562 1383 593 1444 p.
612 1360 691 1439 286,
719 1361 769 1425 17.
801 1362 965 1448 παροιμία
987 1399 1031 1410 -
1053 1361 1192 1448 φέρεται
1215 1355 1257 1429 τὸ
1285 1354 1367 1448 „ito-

197 1467 282 1550 γεία
296 1457 460 1553 φοράίίί)
475 1460 566 1552 παρὰ
582 1467 798 1555 Παυσανίᾳ.
824 1463 1042 1533 ἐσκήπτοντο
1056 1463 1130 1553 γάρ,
1149 1485 1290 1555 φησιν,
1302 1460 1368 1554 Ἀρ-

196 1583 280 1656 γεῖοι
308 1571 355 1649 είς
382 1569 584 1655 φιλοδόξους
606 1572 680 1660 (em.
704 1573 902 1656 φιλοδίκους
925 1573 1038 1660 Meier)
1062 1575 1120 1639 καί
1144 1570 1366 1658 συκοφάντας.

287 1679 339 1745 65.
371 1680 543 1745 Eustath.
562 1702 591 1763 p.
613 1680 685 1756 183,
706 1681 756 1745 12.
780 1675 829 1744 ἔτι
848 1678 971 1760 ἰστέον,
994 1681 1052 1745 καί
1070 1673 1117 1758 ὡς
1135 1678 1174 1746 ἐν
1191 1688 1245 1767 τῷ
1262 1683 1367 1747 Παυ-

198 1786 339 1851 σανίου
354 1789 476 1870 λεξικῴ
490 1784 627 1872 φέρεται
641 1778 956 1874 ἀργειφόντηςῑ)
981 1778 1000 1851 ὁ
1020 1777 1236 1868 όφιοκτόνος.
1266 1781 1366 1874 ἀργήν

158 1911 184 1952 ιε
196 1886 270 1976 γάρ,
293 1908 428 1978 φησιν,
451 1887 535 1957 ἔνιοι
553 1884 616 1958 τὸν
636 1884 716 1975 ὅφιν
739 1897 911 1958 καλοῦσιν.
945 1883 1002 1976 [ού
1023 1891 1140 1978 μέντοι
1164 1890 1294 1981 ίστορεῑ
1314 1894 1367 1959 καί

197 2002 271 2074 πῶς
294 1989 498 2080 ὄφιοκτόνος
521 1989 540 2064 ὃ
560 1990 700 2085 Ἑρμῆς]

196 2228 322 2284 nieorum
340 2229 489 2299 generibus
508 2228 597 2300 egisse
616 2235 761 2300 appareat,
780 2224 887 2284 κυνάδα
901 2245 951 2299 pro
965 2228 1034 2283 miro
1048 2228 1097 2284 illo
1111 2223 1187 2285 κύνα
1201 2231 1280 2300 apud
1292 2230 1367 2287 Euat.

196 2318 214 2373 l.
234 2333 318 2388 supra
336 2319 412 2374 laud.
430 2318 604 2374 mutaverim.
633 2319 699 2374 Hes.
718 2315 850 2382 κυνάδες·
870 2314 900 2372 αί
917 2315 1138 2388 ἀπσμαγύαλιαί.

241 2409 284 2464 61.
303 2409 325 2476 ¹)
344 2408 386 2463 De
405 2403 576 2476 ἀπεσίμοσα
590 2409 687 2464 eadem
701 2407 768 2464 Hes.
781 2409 806 2462 4.
835 2407 911 2477 Quae
927 2408 961 2462 de
980 2402 1165 2475 ἀποσιμῶσαι
1183 2407 1307 2479 profert,
1324 2423 1366 2463 ro·

196 2502 310 2553 cunoni
332 2497 406 2568 apud
429 2497 504 2553 Suid.
527 2498 559 2552 Β.
582 2499 616 2552 Δ.
639 2497 704 2563 434,
724 2499 767 2552 22.
796 2492 992 2564 ἀποσιμῶσαι,
1021 2491 1054 2550 τὸ
1079 2491 1221 2566 ἀπικύψαι
1245 2499 1297 2552 καί
1319 2491 1368 2566 τήν

197 2580 290 2656 πυγὴν
313 2592 461 2659 προτεῖναι
484 2580 600 2656 γυμνήν.
642 2585 788 2649 Φίλιππος.
825 2584 995 2654 θουκυδίύης
1014 2583 1045 2639 δὲ
1067 2580 1100 2639 τὸ
1118 2585 1297 2656 μετεωρίσαι
1319 2579 1368 2649 τὰς

196 2677 266 2739 ναῦς
284 2674 319 2731 of.
337 2676 428 2731 Schol.
448 2675 533 2730 Thuo.
553 2674 599 2729 IV.
619 2675 662 2729 25.
681 2705 717 2714 -
735 2673 892 2729 Marcellin.
912 2675 954 2730 ot.
979 2689 1073 2728 vocem
1092 2669 1277 2741 ἀποσίμαισιν
1295 2673 1367 2729 Tho·

197 2763 304 2833 cydidis
326 2763 466 2833 propriam
489 2779 550 2818 osse
574 2763 724 2819 contendit.
762 2763 830 2818 Gom
853 2763 930 2818 locus
948 2763 986 2817 sit
1008 2761 1246 2833 corruptissimus,
1269 2758 1369 2818 ἀπεσί-

196 2869 294 2920 μωσεν
312 2852 461 2908 restituere
479 2868 534 2908 non
552 2852 656 2908 dubito.
693 2853 737 2908 Et.
757 2853 795 2907 Μ.
815 2853 876 2920 125,
895 2852 929 2908 51
948 2851 1042 2907 aliena
1059 2850 1174 2921 profert.

241 2942 284 2996 62.
303 2943 324 3008 ι)
344 2941 425 2997 Conv.
445 2941 512 2995 Hos.
532 2957 553 2995 a.
573 2959 597 2995 v.
617 2935 704 3011 τύχοι.
736 2941 779 2995 Ex
799 2941 894 2996 eodem
912 2939 989 2996 fonte
1008 2939 1183 3011 prodieruntz
1211 2940 1278 2996 Hes.
1298 2936 1367 2996 ἀπο·

196 3031 354 3101 τυχισθείς·
382 3026 445 3083 ἀντί
467 3031 519 3085 τοῦ
543 3025 708 3094 ἀποτιλθείς
731 3025 837 3084 καὶτὸ
860 3026 1056 3100 ἀποτυχισθὲν
1079 3025 1127 3084 ἐπί
1149 3029 1204 3085 τού
1226 3023 1367 3085 ἀποπελε-

196 3122 284 3186 κῆσαι
297 3113 347 3173 τὸν
360 3118 451 3181 λίθον,
471 3111 529 3172 ἀπὸ
548 3119 606 3173 τῶν
624 3114 726 3189 τύχαν.
754 3114 816 3173 ἐστὶ
830 3116 861 3172 δὲ
875 3114 1042 3184 λιθοξοϊκὸν
1056 3112 1191 3189 σιδήριον.
1210 3119 1243 3174 Β.
1258 3120 1292 3174 Δ.
1306 3119 1367 3186 418,

197 3207 238 3262 17.
258 3202 439 3276 ἀποτνχίσαι·
468 3201 502 3260 τὸ
520 3202 737 3262 ἀποπελεκίσαι.
761 3209 810 3262 καὶ
829 3202 1045 3279 ἀποτυχισθείς·
1074 3201 1244 3272 ἀποτιλθείς
1260 3198 1279 3277 ἢ
1297 3202 1366 3263 ἀπο·

196 3295 387 3359 πελεκισθείς.

240 3383 282 3438 63.
304 3385 323 3450 ¹)
341 3382 449 3439 Similia
463 3383 527 3439 Hes.
543 3378 715 3454 ἀποψύχειν·
736 3379 904 3452 ἀποπατεῖν,
919 3381 1188 3452 ἀποπνευματίζειν,
1202 3377 1365 3452 ἀφοίεύειν.

196 3471 230 3527 oi.
244 3472 289 3528 Et.
309 3473 347 3527 M.
364 3473 424 3538 127,
444 3473 486 3528 17.
508 3473 574 3527 Hes.
590 3489 611 3528 a.
626 3491 650 3528 v.
666 3468 808 3544 ἀπεψύχη.
828 3474 902 3529 Suid.
917 3467 1090 3544 ἀποψύχειν·
1110 3467 1143 3527 τὸ
1157 3466 1365 3540 ἀποθνήσκειν.

197 3557 228 3616 ἐν
245 3556 344 3633 πρώτη
366 3562 451 3617 Θουκ.
470 3562 501 3630 (I.
522 3562 592 3630 134).
611 3562 743 3631 σημαίνει
761 3560 792 3618 δὲ
811 3558 910 3618 καὶτὸ
929 3562 1080 3634 ξηραίνειν,
1100 3554 1138 3626 ὡς
1156 3555 1190 3615 τί

354 3644 515 3721 ἀποψύχειν
534 3646 566 3706 ἐν
584 3651 643 3725 [τῷ]
663 3647 788 3725 κλιβάνῳ
808 3652 870 3706 λίνα
888 3647 924 3706 τὰ
942 3645 1131 3725 ύγρανθίντα.

196 3739 230 3796 oi.
249 3742 280 3796 B.
300 3742 333 3795 A.
352 3740 417 3806 440,
438 3742 480 3796 10.
500 3741 568 3796 Cum
586 3740 746 3811 τερσαίνειν
764 3743 809 3810 (=
828 3741 981 3812 ξηραίνειν)
1000 3755 1066 3796 voce
1086 3737 1263 3794 coniunctum
1280 3736 1365 3793 habea

194 3822 356 3899 ἀποτρύχειν
374 3829 392 3885 l.
412 3829 430 3884 l.
450 3829 485 3884 oi.
504 3829 538 3884 fr.
558 3830 600 3885 76.
620 3830 681 3886 305.
709 3830 811 3886 Saldae
835 3829 962 3886 doctrina
985 3823 1147 3899 ἀποψύχειν
1168 3851 1205 3873 ==
1223 3826 1366 3898 ξηραίνειν

194 3917 334 3987 profertur
352 3933 395 3987 ap.
414 3918 480 3974 Hes.
500 3935 522 3973 s.
542 3935 566 3972 v.
590 3912 783 3989 ἀπεψύχοντο.

239 4008 281 4062 64.
302 4009 322 4074 1)
345 4006 453 4062 Similia
476 4008 541 4062 Hes.
561 4007 676 4076 Diogen.
696 4007 732 4062 II.
751 4008 793 4063 79.
812 4009 909 4077 Apoat.
933 4007 983 4063 III.
1003 4007 1045 4061 76.
1083 4004 1168 4062 Aliud
1190 4003 1365 4074 proverbium

194 4094 310 4164 protulit
333 4095 407 4149 Soid.
427 4092 537 4166 ἀργεῖοι
562 4098 669 4168 φῶρες,
694 4096 767 4165 quod
790 4112 807 4150 a
829 4101 922 4151 nostro
947 4095 1172 4165 distinguendum
1194 4108 1288 4162 neque
1305 4107 1366 4149 eom

194 4183 307 4238 Sohotto
330 4185 367 4238 ad
385 4183 464 4254 Diog.
484 4185 519 4239 ΙΙ.
540 4185 582 4240 79.
602 4185 795 4254 corrigendum
813 4188 869 4253 eat,
893 4183 929 4240 of.
952 4184 1080 4254 Append.
1101 4198 1177 4253 prov.
1196 4183 1247 4238 111.
1266 4181 1303 4239 35
1320 4177 1366 4251 (of.

194 4270 315 4340 Orosius,
334 4273 427 4328 Anell.
446 4290 472 4342 p.
493 4273 537 4341 55,
556 4273 628 4328 Ado.
648 4276 682 4339 1.)
701 4273 775 4328 Suid.
795 4273 861 4329 Hes.
876 4267 1017 4344 Ἀργείους
1035 4266 1112 4348 ὁρᾷς.

238 4359 281 4415 65.
302 4361 322 4428 ¹)
340 4359 430 4416 Exilis
453 4360 579 4416 doctrina
602 4362 626 4416 ai
649 4377 710 4416 cum
729 4362 890 4418 doctissima
909 4361 1138 4433 Harpocrationia
1161 4360 1255 4429 glossa
1277 4353 1367 4432 ἀργᾶς
