3000 5040
759 277 821 342 198

200 432 220 523 ἡ
245 438 280 502 δὲ
304 432 441 523 τοιαύτη
464 433 554 524 πάλη
578 429 925 504 α’ναδιπλασιασθεῑσα
953 429 1040 502 κατὰ
1063 429 1126 524 τὴν
1148 439 1295 504 λαίλαπα
1316 440 1364 503 καὶ

200 536 286 610 κατὰ
309 536 349 610 τὸ
373 540 579 627 παιφάσσειν
602 535 763 610 ἀποτελεῖ
783 536 845 630 τὴν
868 539 1120 633 παιπάλην’).

288 651 362 719 272.
395 652 568 717 Eustath.
593 674 622 734 p.
650 651 726 727 166,
752 652 801 716 14.
838 642 879 716 τὸ
908 651 944 716 δὲ
971 651 1208 738 πανσυδίηῑ)
1236 653 1295 717 καὶ
1320 643 1366 718 διά

199 765 270 823 τῶν
300 754 361 824 δύο
391 775 410 824 o
437 753 626 843 γράφουσιν
654 755 687 823 σί
709 759 863 838 παλαιοὶ,
891 749 937 835 ὡς
961 750 979 824 ὁ
1004 752 1173 838 σύσσιτος,
1202 754 1368 844 σύσσωμος

172 867 256 930 cxci
277 858 319 930 τά
343 855 450 949 ὅμοια.
491 865 603 950 [δηλοῖ
624 864 660 930 δὲ
683 859 769 929 κατά
787 887 882 941 τινας
899 856 940 929 τὸ
959 869 1162 952 παμπληθεῖ
1168 864 1206 952 ¹).
1246 861 1367 952 ἕτεροι

200 970 238 1036 σε’
259 988 342 1054 φασι
364 972 562 1053 πασσυδίῃ
586 963 662 1035 άντὶ
683 976 747 1036 τοῦ
769 977 993 1059 πανστρατιᾷ,
1020 962 1163 1058 μηδενὸς
1185 972 1367 1057 μαχομένου

199 1068 439 1162 άπομίνοντος.
464 1070 578 1143 άλλοι
602 1077 638 1143 δὲ
656 1077 824 1160 πανσυδίῃ
844 1069 920 1143 ἀντὶ
938 1085 1002 1143 τοῦ
1019 1075 1210 1166 πανορμεῑ.]
1239 1078 1368 1156 Αἴλιος

199 1183 235 1249 δὲ
258 1181 469 1262 Διονύσιος
496 1177 570 1249 άντί
599 1191 662 1249 τοῦ
689 1188 879 1265 παντελῶς,
907 1174 993 1251 ὅθεν
1020 1177 1112 1270 παρὰ
1145 1185 1367 1271 θουκυιίίδηί)

197 1281 252 1356 τά·
276 1293 441 1358 πανσυδεὶ
466 1286 684 1375 διεφθάρθαι.

159 1421 186 1460 ιο
288 1398 361 1463 273.
395 1397 569 1464 Eustath.
588 1419 618 1482 p.
638 1397 716 1474 833,
735 1397 787 1463 48.
820 1392 1079 1486 παραιβάτηςῐ),
1107 1387 1136 1485 ᾦ
1160 1395 1262 1486 ἐῴκει
1284 1389 1368 1484 παρά

288 1648 309 1714 ²)
327 1641 455 1715 παιπάλη
474 1661 527 1701 vox
546 1646 605 1701 sola
623 1645 772 1702 exhibetur
790 1662 834 1715 ap.
847 1647 925 1702 Phot.
939 1647 1006 1702 Lex.
1022 1647 1135 1703 Bachm.
1154 1647 1217 1717 325,
1236 1650 1281 1704 19.
1300 1647 1367 1704 Soid.

198 1737 288 1792 Schol.
307 1737 408 1790 Aesch.
427 1736 463 1789 Il.
482 1735 525 1789 40.
544 1735 590 1789 Et.
609 1735 647 1789 M.
667 1736 727 1803 661,
747 1736 771 1789 9.
790 1734 836 1788 Et.
855 1734 926 1789 Gud.
944 1735 1006 1802 447,
1024 1736 1068 1792 44.
1096 1737 1213 1805 Semper
1231 1735 1292 1792 fere
1311 1753 1368 1792 con·

198 1823 322 1894 iungitur
343 1823 433 1878 altera
452 1825 543 1891 glossa
561 1819 737 1892 παιπάλημα.
765 1818 816 1878 τὸν
834 1825 1000 1895 πανοῦργον
1017 1826 1067 1878 καὶ
1084 1824 1217 1880 ποικίλον
1236 1822 1269 1881 ἐν
1287 1825 1370 1900 κακίᾳ

199 1915 249 1967 καὶ
267 1907 458 1982 παμπόνηρον
472 1907 523 1966 σὺν
542 1907 680 1987 ἀγχινοίᾳ.
712 1913 776 1968 801ιι
790 1914 860 1968 haec
873 1913 1026 1983 explicatio
1039 1931 1083 1984 ap.
1096 1913 1172 1970 Suid.
1186 1915 1223 1985 gl.
1236 1916 1264 1970 3.
1284 1915 1369 1970 Schol.

197 2003 246 2057 Ar.
265 2002 316 2056 Av.
336 2001 397 2056 430.
416 2000 506 2056 Schol.
525 2002 592 2056 Luc.
612 2018 637 2056 v.
656 2002 702 2057 IV.
721 2020 747 2071 p.
767 2001 829 2056 238.
848 2001 983 2058 Jacobitz.
1007 2004 1119 2074 Freyer.
1142 2021 1169 2073 p.
1189 2005 1243 2059 272
1267 2003 1370 2059 idoneis

198 2091 233 2146 de
252 2089 343 2145 causis
362 2089 447 2145 etiam
465 2090 537 2146 hanc
555 2091 665 2160 glossae
678 2089 910 2160 significationem
927 2091 1059 2147 atticistis
1077 2091 1173 2148 deberi
1192 2093 1368 2148 demonstrat.

198 2179 381 2234 -Fortasse
401 2195 436 2233 ex
453 2178 531 2234 Eust.
551 2197 577 2248 p.
598 2179 663 2248 786,
683 2181 725 2236 19.
746 2179 830 2234 etiam
849 2175 986 2236 παλύνειν
1005 2184 1050 2249 (=
1068 2181 1240 2249 λευκαίνειν)
1259 2182 1371 2238 verbum

198 2285 234 2323 ex
256 2269 352 2323 eodem
376 2267 453 2323 fonte
476 2268 613 2338 prodiisse
638 2267 773 2324 affirmari
796 2274 901 2338 potest,
926 2269 960 2324 ci.
980 2270 1045 2325 Hes.
1065 2271 1141 2326 Suid.
1165 2268 1369 2340 παλννομένης.

197 2357 321 2412 Erotion.
339 2374 367 2429 p.
387 2359 451 2423 111,
471 2359 496 2413 6.
515 2356 608 2411 Klein.
627 2356 672 2410 Et.
692 2359 730 2411 M.
751 2358 816 2426 648,
836 2359 860 2413 7.
881 2359 942 2427 650,
961 2361 986 2414 2.
1004 2360 1050 2414 Et.
1069 2359 1140 2415 (lud.
1160 2360 1227 2426 449,
1245 2361 1290 2416 34.
1314 2359 1370 2429 (ubi

196 2444 235 2501 in.
253 2441 363 2515 παλύνη
383 2444 525 2513 restituas)
543 2446 605 2513 449,
623 2447 666 2502 36.
686 2447 747 2514 628,
767 2447 810 2503 41.

241 2536 303 2590 272.
323 2536 343 2604 ²)
361 2533 491 2590 Recurrit
514 2551 558 2604 ap.
577 2535 656 2590 Phot.
676 2535 811 2589 πασσυδί·
845 2537 998 2600 παντελῶς.
1032 2531 1048 2590 ὁ
1075 2537 1247 2606 Θουκυδίδης
1269 2532 1304 2606 η’·
1332 2530 1369 2604 μὴ

198 2613 273 2678 oliuo
296 2641 330 2694 γε
353 2624 478 2678 πασσυδί
503 2617 694 2692 διεφθάρθαι·
724 2612 797 2692 άπερ
821 2618 1015 2694 άγνοήσαντές
1038 2642 1113 2689 τινες
1135 2619 1282 2697 γράφουσι
1300 2640 1368 2680 παν-

198 2712 268 2767 συδί.
302 2705 364 2767 ἔστι
387 2715 435 2767 καί
455 2708 486 2767 ἐν
504 2706 681 2778 Αὐτομόλοις
703 2707 904 2783 Φερεκράτους
927 2713 970 2783 (fr.
989 2715 1032 2768 31.
1051 2715 1149 2783 Kocls).
1185 2716 1219 2770 Δ.
1239 2713 1369 2786 Dionysio

196 2800 283 2870 igitur
296 2800 384 2856 forma
396 2800 521 2856 πασσυδί
532 2800 648 2870 placuit,
667 2817 757 2870 neque
770 2800 839 2856 facit
852 2817 914 2857 cum
926 2800 1089 2858 Aristarcho
1107 2803 1136 2857 in
1150 2803 1240 2860 Schol.
1252 2803 1323 2861 Veu.
1336 2805 1368 2858 Δ.

197 2890 233 2946 ad
252 2891 279 2944 B
298 2891 354 2958 la,
374 2890 421 2958 qui
440 2890 579 2958 πανσυδίῃ
598 2891 746 2960 praetulit,
766 2889 801 2945 cf.
821 2891 885 2945 Gob.
899 2891 1033 2947 Mnemos.
1046 2891 1082 2948 X.
1094 2893 1137 2948 53.
1159 2893 1258 2962 Neque
1276 2896 1369 2949 tamen

197 2995 259 3034 cum
278 2978 380 3033 (lobeto
399 2979 517 3047 glossam
535 2979 700 3034 Photianam
718 2980 840 3034 laceram
859 2995 921 3035 esse
939 2980 1128 3037 indicaverim.

287 3067 308 3133 λ)
326 3067 441 3122 Uncinis
463 3066 572 3122 inclusa
595 3083 630 3122 ex
652 3069 697 3122 Et.
721 3069 760 3123 M.
779 3069 845 3138 650,
864 3069 900 3124 54
922 3070 1006 3138 (unde
1028 3069 1058 3124 in
1076 3071 1121 3125 Et.
1146 3071 1216 3126 (iud.
1241 3071 1308 3138 450,
1326 3072 1368 3128 45.

198 3150 338 3211 σεύεσθαι
356 3171 406 3224 pro
426 3151 567 3226 σέβεσθαι
585 3157 726 3225 restituas)
744 3157 835 3226 petita
854 3172 915 3213 esse
933 3165 1008 3228 puto.
1031 3159 1130 3228 Neque
1144 3164 1238 3215 tamen
1256 3176 1368 3230 prorsus

198 3260 233 3300 ea
255 3242 414 3298 vetustioris
438 3243 551 3312 originis
575 3261 635 3300 esse
659 3247 831 3315 negaverim,
851 3246 886 3301 cf.
906 3247 972 3302 Hes.
991 3247 1066 3303 Suid.
1086 3249 1153 3304 Lex.
1173 3249 1289 3304 Bachm.
1308 3250 1368 3312 334,

197 3333 239 3387 17.
258 3332 303 3386 Et.
323 3331 368 3386 Or.
388 3333 452 3398 138,
472 3334 515 3388 28.
535 3334 651 3390 —Non
670 3339 725 3403 est,
745 3352 874 3390 curcum
893 3337 1008 3392 Lentzio
1026 3338 1070 3404 (II.
1089 3353 1116 3407 p.
1136 3337 1202 3406 568,
1221 3338 1276 3404 22.)
1298 3340 1367 3408 glos-

196 3437 256 3477 sam
274 3420 482 3491 Hesychianam
500 3423 654 3479 Herodiani
673 3440 734 3479 esse
752 3430 888 3494 putemus.

284 3509 306 3579 ⁸)
325 3511 368 3564 De
390 3510 451 3565 loco
474 3510 654 3582 Thucydideo
674 3513 709 3568 ci.
729 3513 805 3568 Stud.
824 3513 901 3582 Lips.
921 3514 968 3570 IV.
987 3531 1013 3584 p.
1034 3514 1094 3570 102.
1122 3515 1207 3572 Redit
1229 3514 1322 3586 glossa
1338 3515 1368 3570 in

195 3598 280 3656 schol.
299 3600 386 3656 Patm.
406 3601 443 3655 ad
461 3600 536 3656 VIII.
557 3603 580 3655 1.
609 3603 704 3657 Revue
723 3603 758 3657 de
776 3602 845 3671 phil.
865 3604 886 3656 I.
905 3619 931 3672 p.
953 3604 1013 3658 188.

239 3690 300 3745 273.
321 3691 341 3758 ¹)
360 3689 418 3758 Quo
437 3706 499 3744 cum
518 3690 578 3745 loco
597 3690 632 3745 cs.
651 3691 729 3746 Eust.
748 3708 775 3761 p.
796 3693 856 3760 652,
875 3692 919 3746 44.
944 3686 1105 3763 ὀρθότερον
1123 3687 1179 3764 γάρ
1198 3689 1260 3748 ἐστι
1278 3709 1366 3764 παρα-

195 3777 317 3847 νυμφίσν
339 3781 493 3833 καλεῖσθαι
516 3774 567 3834 τὸν
591 3775 794 3849 συναπάγοντα
817 3781 860 3852 τῷ
882 3782 994 3854 νυμφίῳ
1018 3777 1069 3851 τὴν
1091 3777 1204 3851 νύμφην
1222 3773 1242 3852 ἢ
1259 3773 1367 3852 πεζῇἢ

196 3862 245 3936 ἐφ’
265 3860 386 3937 ἁμάξης,
412 3861 450 3932 ὡς
473 3863 544 3940 παρ’
562 3864 729 3937 Ἀθηναίοις,
754 3863 807 3937 ὑφ’
827 3860 868 3923 ὧν
891 3871 941 3923 καί
964 3865 1092 3940 πάροχος
1114 3873 1245 3926 καλεῖται
1267 3866 1313 3926 διὰ
1335 3865 1366 3925 τὸ

194 3950 283 4023 μόνος
302 3952 387 4021 αὐτὸς
405 3958 621 4029 σνναναβαίνειν
639 3959 689 4010 καί
707 3951 855 4030 ὀχουμένῳ
874 3961 917 4030 τῷ
934 3959 1048 4032 νυμφίῳ
1061 3962 1264 4031 παροχεῖσθαι.
1289 3960 1367 4016 Unde

194 4045 267 4100 hanc
286 4046 438 4102 doctrinam
459 4046 691 4115 Aristophaneam
714 4045 759 4115 (cf.
778 4046 878 4102 Nauck
896 4064 923 4117 p.
942 4048 985 4102 80.
1005 4048 1065 4104 146.
1077 4051 1126 4117 sq.)
1148 4064 1234 4118 usque
1253 4050 1290 4105 ad
1308 4051 1365 4120 ety-

196 4133 344 4201 mologiam
362 4134 495 4190 transisse
514 4137 551 4189 ad
568 4136 734 4190 Pausaniam
753 4141 881 4205 apertum
900 4141 950 4190 est.
987 4135 1137 4207 Didymum
1159 4139 1258 4193 eadem
1280 4137 1365 4193 tradi·

196 4221 270 4276 disse
285 4220 406 4276 affirmat
418 4224 507 4277 Schol.
521 4223 587 4277 Eur.
599 4223 644 4279 Or.
656 4226 734 4280 1369.
748 4223 880 4290 Schmidt,
894 4223 957 4279 Did.
970 4241 996 4294 p.
1010 4226 1081 4294 245,
1097 4225 1131 4280 cf.
1147 4227 1218 4281 Prol.
1232 4243 1259 4296 p.
1272 4227 1315 4282 58.
1326 4242 1364 4295 sq.

195 4307 350 4362 Pausaniae
370 4309 496 4364 doctrina
513 4312 633 4366 recurrit
656 4308 804 4379 αὐτσλεξεί
822 4331 865 4382 ap.
885 4313 964 4368 Phot.
984 4314 1059 4369 Suid.
1078 4330 1100 4369 s.
1120 4333 1145 4370 v.
1166 4315 1268 4386 ζεῦγος
1285 4309 1365 4383 ἡμιο-

196 4389 284 4449 νικόν.
303 4395 349 4450 Et.
368 4398 405 4451 M.
424 4398 485 4465 409,
504 4400 546 4454 34.
566 4401 697 4470 Magnam
715 4406 823 4472 partem
842 4419 918 4458 conv.
933 4404 1012 4458 Phot.
1031 4404 1106 4459 Suid.
1126 4405 1191 4459 Hes.
1211 4421 1232 4460 s.
1252 4422 1276 4460 v.
1297 4399 1366 4474 πάρ
