3000 5040
654 246 718 314 249

91 430 160 496 της
180 408 218 477 δὲ
239 397 302 495 τὴν
326 403 493 496 δασύτητα
514 411 571 475 καὶ
593 403 724 498 πολλὴν
741 405 936 497 πυκνότητα
954 417 1025 476 τῶν
1047 396 1188 495 φύλλων
1209 430 1266 494 με·

94 510 251 603 λύνδρυα
277 519 386 597 καλεῖ,
413 511 461 595 ὡς
487 515 597 584 αἰτίον
623 527 673 605 τῷ
700 514 790 604 ξύλῳ
817 521 976 605 μελανλας
1003 510 1058 584 διὰ
1082 523 1140 605 τῆς
1163 523 1266 595 σκιᾶς.

95 621 238 709 φέρεται
257 621 294 690 δὲ
312 624 368 689 καὶ
386 620 555 709 Αἰσχύλου
572 631 685 714 χρῆσις
703 625 740 692 ἐν
761 622 950 713 Φιλοκτήτῃ
969 626 1022 708 (fr.
1041 626 1115 690 251.
1133 623 1267 709 Nauck.)

305 727 470 816 κρεμάσας
493 728 595 815 τόξον
617 736 738 812 πίτυος
761 733 799 800 ἐκ
821 729 1046 820 μελονδρύου]

96 837 145 905 ἐν
177 838 218 904 δὲ
248 834 448 926 ῥητορικῷ
479 844 623 927 λεξικῴ
655 833 818 928 εύρηται
844 845 902 908 καὶ
929 833 982 908 δτι
1009 838 1186 928 primu·
1227 829 1267 904 τὸ
1295 859 1308 898 ⁵

96 943 205 1030 μέσον
226 950 290 1011 τοῦ
312 941 429 1028 ξύλου,
457 940 477 1013 ὅ
498 971 589 1024 τινες
616 944 810 1036 ἐντεριόνην
837 949 1008 1034 λέγουσιν,
1036 939 1118 1027 ὥςτε
1142 937 1269 1013 ταύτδν

99 1046 190 1118 εἶναι
211 1059 262 1139 τῷ
284 1048 374 1140 λόγῳ
397 1049 509 1140 τούτῳ
531 1051 662 1142 μήτραν
685 1052 878 1144 ἐντεριόνην
900 1059 958 1122 καὶ
979 1054 1083 1142 μέλαν
1106 1050 1214 1139 δρυός.

190 1161 264 1227 410.
289 1161 460 1228 Eustath.
475 1185 504 1247 p.
521 1164 616 1239 1854,
631 1163 682 1229 32.
706 1155 825 1251 ἐθνικὴ
841 1165 877 1230 δὲ
896 1163 982 1246 λέξις
996 1165 1053 1228 καὶ
1070 1156 1091 1250 ἡ
1109 1158 1232 1249 μόρτη
1242 1161 1268 1245 1)

97 1259 144 1333 τὸ
167 1263 267 1333 ἕκτον
288 1267 401 1354 μέρος,
429 1271 538 1351 φασὶ,
561 1277 632 1335 τῶν
654 1278 812 1356 καρπῶν,
839 1261 859 1358 ἢ
883 1270 1014 1337 ἐδίδοτο
1038 1284 1108 1348 τοῖς
1132 1265 1268 1356 ἓκτημο-

82 1375 200 1463 ῥύσις,
223 1369 275 1452 cic
298 1374 339 1441 ἐν
363 1369 559 1464 ἄνωνύμῳ
582 1389 713 1444 κεῖται
736 1383 878 1464 λεξικῴ
901 1375 1108 1465 ῥητορικῷ.
1284 1395 1308 1433 10

190 1483 265 1548 411.
298 1483 470 1580 Eustuth.
493 1508 522 1568 p.
544 1486 639 1564 1259,
657 1487 710 1551 46.
741 1478 782 1552 τὸ
807 1487 843 1553 δὲ
862 1485 898 1551 ἐκ
917 1493 988 1551 τῶν
1006 1480 1189 1572 μυρμήκων
1212 1507 1268 1563 κα-

101 1580 170 1655 κὸν
193 1590 352 1677 δηλοῦται
374 1594 431 1657 καὶ
455 1590 492 1659 ἐν
514 1600 564 1678 τῷ
586 1596 861 1681 μυρμηκιᾶνῑ),
889 1584 973 1679 ὅπερ
997 1592 1132 1679 ἐλέχθη,
1158 1585 1205 1670 ὡς
1228 1590 1269 1657 ἐν

99 1691 302 1784 ῥητορικῷ
326 1689 489 1786 εύρηται
511 1704 667 1787 λεξικῴ,
695 1694 809 1788 ἐπειδὴ
832 1692 912 1778 τούς
935 1699 981 1779 εἰς
1002 1691 1191 1788 μυρμηκιὰν
1213 1704 1269 1764 λα-

99 1798 267 1890 λήσαντας
291 1799 474 1872 ἓλκούσθαι
496 1798 558 1894 τὴν
581 1804 734 1892 γλῶσσάν
758 1826 869 1892 φασιν.

191 1911 289 1978 4112.
329 1913 501 1980 Eustath.
525 1937 555 1998 p.
579 1915 658 1992 391,
681 1916 733 1981 34.
774 1915 836 2002 ἰρὶς
870 1915 921 1996 δὲ,
952 1907 1140 2001 μυρεψικδν
1172 1910 1309 1994 εἱδος,15

100 2010 189 2084 κατὰ
220 2011 368 2086 παλαιὰν
400 2017 589 2106 παράδοσιν
621 2014 776 2104 ὀξύνεται
806 2015 893 2110 πρὸς
927 2014 1106 2109 διαστολὴν
1134 2022 1190 2109 (sc
1212 2029 1271 2108 τῆς

97 2126 210 2211 θεᾶς).
251 2122 377 2216 ταύτην
401 2127 437 2193 δὲ
460 2136 479 2203 †
502 2127 589 2215 ἲριον
612 2131 646 2214 (l.
670 2130 780 2216 ἴρινον
804 2151 842 2196 ex
864 2131 962 2198 Ponti
985 2129 1080 2216 coni.)
1091 2131 1117 2216 ¹)
1145 2137 1271 2214 μύρον

100 2229 140 2298 ολ
162 2229 327 2319 ῥύτορες
351 2231 508 2320 ἔγραψαν.

677 2421 711 2480 0.

191 2574 266 2640 412.
289 2575 461 2642 Eustath.
480 2599 509 2662 p.
528 2577 622 2654 1899,
637 2577 665 2642 8.
695 2576 736 2641 ἐν
754 2577 891 2660 μέντοι
909 2573 1107 2662 ῥητορικῷ
1126 2581 1269 2661 λεξικῴ

192 2788 357 2858 ’)01’.Ηεε.

147 2879 209 2935 410.
229 2878 360 2949 Sequitur
377 2879 410 2934 fr.
430 2880 490 2935 252.
511 2879 551 2934 uf.
571 2880 642 2934 Prol.
662 2898 689 2948 p.
710 2881 751 2943 15,
771 2880 813 2934 30.
833 2885 888 2934 not.
909 2883 932 2934 1.

34 3026 40 3035 ,
192 2970 214 3035 ¹)
232 2968 335 3024 Vocem
358 2983 493 3037 nusquam
516 2969 617 3023 iterum
640 2970 706 3023 vidi.
734 2967 778 3022 Ex
800 2970 896 3023 eodem
920 2969 1010 3024 lexico
1028 2968 1141 3024 fluonoe
1160 2969 1270 3025 videtur

100 3059 182 3113 Phot.
202 3058 238 3126 gl.
258 3052 433 3113 Inciditur·
458 3054 486 3112 ολ
509 3054 587 3128 παρὰ
610 3065 670 3122 τοῖς
692 3058 813 3127 πλησίον
836 3053 1022 3129 ἐργαζόμενοι
1045 3061 1093 3112 καὶ
1115 3061 1210 3127 θῆτες.
1244 3056 1270 3112 oi

103 3144 194 3211 αὐτοὶ,
214 3149 263 3201 καὶ
279 3141 440 3217 ἓκτήμοροι,
461 3142 558 3216 ἐπειδὴ
573 3141 649 3219 ἕκτῳ
667 3145 750 3218 μέρει
762 3151 819 3201 τῶν
831 3151 951 3219 καρπῶν
966 3143 1133 3219 εἰργάζοντο
1146 3144 1197 3218 τὴν
1208 3152 1273 3220 γῆν.

102 3237 195 3292 Schol.
218 3236 290 3292 Plat.
308 3237 462 3307 Euthyphr.
486 3237 545 3302 40,
570 3236 605 3291 cf.
624 3237 694 3292 Ncb.
715 3237 787 3292 Prol.
806 3254 832 3306 p.
852 3239 895 3292 56.
917 3238 948 3293 L.
969 3238 1046 3293 Cohn
1068 3237 1098 3292 iu
1120 3239 1215 3308 Suppl.
1234 3237 1270 3293 od

100 3327 136 3382 N.
155 3325 270 3381 Jahrbo.
290 3325 366 3380 XIII.
386 3343 413 3395 p.
433 3327 493 3382 804.
513 3326 599 3381 Arist.
619 3326 715 3395 fragm.
735 3343 777 3380 no.
797 3328 859 3382 389.
879 3328 920 3382 ed.
942 3329 974 3384 V.
994 3328 1074 3384 Roso.

148 3414 208 3469 411.
231 3414 251 3478 ¹1
271 3414 351 3469 Conv.
370 3415 449 3470 Phot.
468 3415 578 3471 Similia
597 3431 640 3485 ap.
660 3417 725 3471 Hes.

147 3504 230 3559 4112.
259 3502 428 3558 Dubitanter
445 3506 482 3559 od
498 3504 637 3560 atticictes
655 3505 755 3572 resero,
775 3522 836 3561 cum
849 3505 1034 3576 fragmentum
1054 3509 1212 3575 corruptum
1225 3506 1269 3561 cit.

102 3597 147 3648 An
166 3592 246 3647 Phot.
266 3596 377 3664 μορῶν·
398 3590 425 3648 ολ
440 3590 556 3648 Ἀττικοὶ
575 3596 746 3665 περισπῶσι,
766 3598 885 3649 καλοῦσι
899 3593 930 3650 δὲ
949 3583 1041 3658 ούτιυς
1058 3596 1106 3649 καὶ
1125 3591 1158 3649 τὸ
1176 3590 1269 3665 ἀμβλύ

101 3684 206 3753 βρῶμα
224 3682 273 3735 καὶ
292 3674 409 3737 ἄναλον
430 3672 517 3736 ύστε·

317 3767 399 3839 Μήτε
418 3764 546 3842 ἁλμυρὸν
565 3766 646 3841 εἶναι,
666 3769 738 3841 μήτε
756 3769 855 3844 μωρὸν
875 3771 904 3838 ἐς
922 3770 955 3828 τὸ
974 3776 1038 3827 πᾶν.

101 3864 157 3917 huc
176 3859 352 3917 referendum
372 3861 432 3915 est?
460 3861 554 3916 Nobcr
572 3868 649 3917 recte
668 3863 712 3930 (H.
732 3863 769 3917 st.
790 3864 822 3917 V.
843 3863 943 3918 13391)
962 3864 1191 3929 scenicorum
1210 3876 1269 3916 cor·

101 3955 214 4020 ruptum
238 3965 299 4005 cose
322 3950 465 4005 contendit
488 3957 517 4004 et
540 3952 680 4020 corrigere
704 3951 817 4006 studuit.
850 3953 948 4020 Neque
971 3955 1065 4006 tamon
1087 3953 1186 4022 μῶρον
1209 3967 1270 4005 cnm

101 4041 151 4095 illo
169 4041 344 4106 innuerim,
369 4041 418 4095 sed
441 4042 475 4096 cb
494 4041 642 4095 Eustachio
660 4039 838 4110 proficiscens
857 4042 949 4112 μῦρον
967 4041 1061 4110 legere
1079 4039 1270 4110 praetulerim.

102 4131 199 4184 -De
223 4134 354 4186 occentus
377 4130 474 4198 regula
498 4130 610 4185 aliunde
633 4129 675 4184 nil
700 4133 814 4186 constat.
843 4131 908 4185 Hes.
932 4131 977 4185 Et.
1002 4132 1040 4185 M.
1059 4131 1126 4196 475,
1146 4130 1188 4184 20.
1216 4121 1270 4200 ἶρις

102 4215 268 4290 ἅρωματικὴ
288 4215 347 4273 πόα
364 4221 487 4274 tradunt.
507 4248 542 4261 ·-
560 4223 652 4290 μῦρον
669 4219 698 4273 in
718 4219 858 4275 codicibus
877 4219 1029 4276 Herodioni
1048 4226 1100 4287 est,
1119 4218 1155 4274 cf.
1174 4219 1268 4274 Lentu.

101 4307 578 4379 mumufflmum

194 4399 213 4466 ¹)
233 4397 273 4453 cf.
293 4397 363 4453 PIIn.
384 4398 459 4459 XIII.
481 4402 503 4453 1.
525 4399 600 4455 XXI.
621 4398 644 4454 7.
