3000 5040
678 235 740 298 183

115 395 253 481 κυδίδης
285 394 321 460 δὲ
353 389 535 481 κήπιύνί)
563 411 657 481 φησι,
690 396 834 478 κωμικοὶ
863 395 898 460 δὲ
927 393 1200 483 κηποκόμανθ)
1229 390 1290 463 τὸν

116 508 230 587 κῆπον
252 496 465 586 κειρόμενον,
493 493 608 585 ὥσπερ
636 497 753 586 ἕτερον
781 498 1117 589 σκαφιύκουρονθ)
1141 506 1198 569 καὶ
1221 501 1290 570 έστι

117 608 175 672 καὶ
197 598 289 693 παρὰ
312 614 362 692 τῷ
384 614 524 692 κωμικῷ
547 600 567 693 ἡ
591 607 677 688 λέξις
699 613 762 672 τού
785 610 957 691 σκαφίον
980 611 1196 696 κείρεσθαι.

208 715 281 779 231.
314 715 486 779 Eustath.
506 736 535 798 p.
557 715 656 790 1957,
680 713 732 779 58.
767 712 804 779 έν
831 711 1060 800 ῥητορικοῖς
1083 718 1289 802 λεξικοῖςῑ)

117 812 200 906 παρ’
224 815 275 898 οίς
297 822 352 885 καὶ
378 813 432 886 διά
456 816 646 905 διφθόγγου
664 822 722 885 καὶ
746 813 800 886 διὰ
822 817 930 905 μόνον
955 822 990 887 δὲ
1015 819 1171 908 διχρόνου
1194 818 1291 910 ἡτῆς
1318 843 1330 882 5

116 927 237 1008 λέξεως
261 920 408 1013 ἄρχουσα
432 919 580 1014 εὕρηται,
609 941 737 993 κεῖνται
761 929 818 992 καὶ
844 935 963 993 ταῦτα·
1006 931 1198 996 κλεισίον·
1227 937 1289 996 θυ-

116 1025 215 1119 ρειύν,
239 1032 275 1100 έν
294 1024 323 1119 ᾦ
341 1036 398 1099 καὶ
417 1030 514 1120 ζεύγη
538 1033 675 1100 ίσταται.
700 1036 756 1099 καὶ
780 1036 1004 1120 κλεισίαιίγ
1029 1029 1155 1102 αύλειοι
1177 1041 1290 1102 πυλῶ-

115 1162 186 1221 νες,
213 1145 367 1206 πλατεῖαι
395 1137 514 1227 θύραι,
543 1133 590 1207 δι’
615 1130 664 1206 ὦν
692 1143 749 1206 καὶ
772 1137 869 1228 ζεύγη
897 1140 1110 1227 εἰσέρχονται.
1152 1143 1291 1220 Α’ίλιος

118 1248 154 1313 δὲ
176 1244 386 1325 Διονύσιός
408 1266 524 1334 φησιν,
548 1241 595 1326 ούς
617 1249 844 1333 κλεισίονθ).
887 1250 944 1313 καὶ
967 1240 1020 1314 ὅτι
1043 1241 1164 1334 θυροδν
1186 1257 1288 1315 τοῦτο

115 1353 225 1439 μέγας,
248 1355 305 1419 καί
328 1357 498 1419 κλεισίαι
522 1352 556 1420 ui
578 1351 703 1421 τούτου
726 1351 831 1440 θύραι
854 1361 1008 1421 πλατεῖαι
1031 1357 1088 1421 καί
1111 1355 1157 1434 είς
1178 1348 1218 1422 τὸ
1239 1354 1330 1421 etr-10

115 1452 175 1538 τὰς
198 1452 421 1546 άνοιγόμεναι.
464 1459 505 1526 ἐν
528 1457 649 1546 ἑτέρῳ
674 1462 714 1527 δὲ
737 1458 871 1547 γράφει,
896 1453 948 1527 ὅτι
971 1464 1128 1528 κλισίον
1145 1454 1290 1548 Ἀμερίας

115 1559 156 1632 τὸ
179 1563 361 1654 πρόστιμον
383 1568 464 1645 ’ίσαις
486 1560 578 1654 παρά
596 1562 718 1648 Ἴωσιν,
741 1560 788 1646 οδς
811 1569 868 1634 καί
883 1559 1036 1654 Ὄμηρος·

275 1675 354 1760 περὶ
378 1675 414 1741 δὲ
437 1677 567 1741 κλισίον
590 1675 651 1742 θέε
674 1670 793 1763 πάντη.

116 1773 208 1866 παρὰ
241 1782 277 1848 δὲ
303 1773 460 1860 Ἀττικοῖς
491 1784 672 1848 κλεισίον
705 1774 724 1848 δ
756 1782 855 1867 μέγας
887 1778 1016 1868 θυροίν.
1064 1784 1121 1847 καὶ
1151 1778 1290 1869 μήποτέ,

116 1905 224 1975 φησι,
242 1897 344 1955 τοῦτο
363 1889 424 1973 μὲν
444 1887 625 1955 ἐκτείνεται
644 1891 701 1954 καὶ
716 1885 952 1975 παροξύνεται,
972 1888 1081 1956 έκεῖνο
1102 1889 1137 1955 δὲ
1157 1888 1289 1955 συστέλ-
1304 1907 1330 1948 1⁶

115 2000 208 2061 λεται
230 1995 288 2061 καί
310 1992 614 2082 προπαροξύνεται.

205 2102 280 2169 232,
312 2103 485 2168 Eustath.
510 2125 540 2186 p.
567 2103 665 2179 1324,
689 2103 741 2166 54.
774 2104 1003 2180 Παυσανίας
1032 2100 1160 2188 ἱστορεῖ
1183 2102 1291 2187 λέγων

117 2199 170 2275 δτι
197 2207 234 2274 έν
262 2222 332 2286 τοῖς
358 2221 531 2294 γυμνικοῖς
557 2200 698 2294 άγιῦσιν,
731 2199 789 2275 ὅτε
816 2215 1067 2294 χρονοτριβοῖεν
1095 2210 1128 2274 οὶ
1156 2206 1291 2290 πύκται,

115 2320 258 2399 κλῖμαξ
290 2314 494 2401 εἰσεφέρετο,
533 2307 619 2381 ὥστε
660 2312 859 2393 διαστάντας
890 2317 946 2381 καὶ
976 2313 1092 2400 χώραν
1123 2312 1291 2396 λαβόντας

117 2421 267 2501 ἐκείνους
293 2422 406 2508 μένειν
435 2421 471 2488 ἐν
498 2418 603 2507 ταύτη
631 2419 746 2488 ἕνεκεν
773 2429 836 2487 τοῦ
862 2413 906 2508 μὴ
934 2423 1170 2507 περιίστασθαι
1199 2425 1290 2506 [του-
1304 2439 1330 2480 20

115 2528 229 2594 τέστιν
269 2523 492 2614 ὑφίστασθαι]
534 2521 594 2606 τὰς
635 2527 823 2613 φερομένας
867 2521 995 2615 πληγὰς
1034 2527 1291 2613 περιτρέχοντας

116 2626 201 2700 άλλδι
232 2635 397 2719 μένοντας
425 2634 480 2702 ἐπὶ
507 2644 570 2701 τοῦ
599 2627 704 2701 αὐτοῦ
732 2642 774 2719 τῇ
801 2642 884 2724 ποιᾷ
911 2642 982 2700 τῶν
1007 2640 1130 2720 χειρῶν
1158 2631 1291 2700 ἐκτάσει

207 2781 230 2846 ⁴)
248 2779 353 2846 κηπίον
376 2779 552 2832 scribendum
576 2781 632 2842 est,
659 2777 694 2832 cf.
713 2776 851 2844 Schmidt,
875 2777 939 2831 Did.
958 2794 985 2845 p.
1005 2778 1047 2832 67.
1084 2775 1210 2845 Respicit
1228 2777 1289 2831 Ael.

116 2867 197 2922 Dion.
222 2868 256 2923 cd
280 2867 365 2921 Thuc.
390 2867 425 2920 11.
446 2867 488 2920 62.
508 2865 542 2920 τί.
562 2867 638 2920 Stud.
658 2866 734 2934 Lips.
754 2866 800 2921 IV.
820 2883 847 2935 p.
868 2866 928 2920 101.
939 2882 980 2934 sq.
1003 2864 1181 2920 Eustothium
1204 2864 1290 2935 igitur

116 2957 259 3012 atticistue
278 2956 367 3011 locum
386 2955 514 3010 turbasse
533 2961 661 3023 opertum
680 2959 730 3009 est.

206 3044 227 3106 ὅ)
246 3045 325 3100 Iocus
343 3043 397 3099 fuit
415 3043 543 3112 comicus,
562 3059 624 3098 cum
642 3037 807 3111 κηποκόμος
825 3067 860 3088 =
879 3037 1025 3114 κηπουρός
1043 3042 1088 3098 sit.
1108 3043 1148 3099 Cf.
1166 3044 1231 3099 Hes.
1245 3045 1290 3098 Et.

114 3135 153 3189 M.
172 3135 233 3200 511,
253 3135 295 3188 11.

207 3223 228 3289 ⁰)
246 3223 315 3277 Tres
335 3222 444 3291 glossae
463 3237 507 3290 ap.
527 3222 606 3276 Phot.
625 3220 719 3276 Primo
738 3246 772 3266 =
791 3220 851 3275 Ael.
872 3220 967 3289 Dion,
991 3220 1025 3276 cf.
1044 3221 1089 3276 Et.
1109 3221 1147 3276 M.
1167 3222 1228 3288 715,
1247 3221 1289 3275 ot.

116 3312 217 3368 Altero
235 3337 269 3357 =
289 3312 375 3380 Hcrp.
395 3310 492 3366 Tertio
510 3336 544 3355 =
564 3311 624 3365 Ael.
645 3311 724 3365 Dion.
745 3309 779 3364 of.
799 3310 874 3365 Suid.
893 3341 927 3350 -
947 3311 1130 3381 Hesych.sua
1149 3309 1290 3365 extribus

116 3400 254 3470 prioribus
273 3399 424 3454 contexuit.

161 3488 222 3544 231.
242 3489 263 3554 ²)
283 3487 322 3542 ef.
347 3488 381 3542 fr.
405 3489 466 3542 397.
495 3488 566 3543 Prol.
590 3504 618 3557 p.
641 3488 666 3542 9.
690 3488 891 3557 Meisterhons,
915 3488 1035 3543 Gromm.
1060 3489 1086 3542 d.
1110 3491 1160 3542 ott.
1184 3487 1289 3541 Inschr.

115 3594 142 3645 p.
162 3578 206 3632 28.
225 3580 282 3630 not.
303 3577 363 3630 172.

206 3665 226 3732 ²)
244 3664 352 3720 Similia
375 3680 417 3733 ap.
438 3664 516 3718 Phot.
536 3658 680 3728 κλισιάδες
702 3665 767 3719 Hes.
788 3665 819 3718 B.
839 3666 872 3719 A.
892 3665 957 3731 272,
977 3665 1019 3719 13.
1038 3664 1083 3718 Et.
1103 3664 1142 3718 M.
1161 3664 1226 3726 520,
1247 3665 1289 3718 16.

116 3753 160 3807 Et.
179 3753 250 3808 (iud.
269 3754 331 3816 328,
350 3754 393 3808 28.
412 3753 480 3807 Lex.
500 3754 613 3808 Bcchm.
633 3754 695 3818 219,
715 3755 738 3807 9.
758 3755 844 3808 Moer.
865 3754 988 3819 201,17.

205 3841 228 3909 ⁸)
246 3843 308 3896 Aol.
328 3842 489 3912 Dionysium
514 3843 597 3910 plane
622 3842 781 3910 congruisse
801 3858 862 3896 cum
881 3841 969 3895 altero
988 3839 1185 3908 lexicographo
1204 3855 1289 3909 oppa·

115 3935 167 3986 ret.
195 3930 239 3985 Ex
262 3932 353 3986 altera
375 3931 537 3985 recensione
561 3947 611 3985 sua
634 3930 735 4000 petivit
758 3932 822 3986 Hes.
842 3932 879 3998 gl.
900 3932 923 3985 6.
953 3930 1089 3998 Regulam
1113 3929 1148 3983 de
1173 3933 1291 3983 accentu

117 4018 192 4074 vocis
215 4019 326 4073 κλισίον
349 4021 465 4073 allatam
483 4020 529 4073 Et.
548 4020 586 4073 M.
606 4021 643 4073 ad
661 4019 862 4084 Herodianum,
882 4019 926 4073 Et.
947 4018 1016 4073 Gud.
1036 4018 1072 4072 ad
1091 4016 1175 4071 Orum
1194 4017 1289 4071 refert.

116 4107 248 4162 Lentzius
262 4109 297 4162 II.
311 4109 373 4170 415,
392 4108 544 4163 Ηυτοδίεοί
558 4123 657 4162 nomen
672 4107 795 4177 protulit.
815 4108 860 4162 Et.
874 4107 948 4162 Flor.
967 4123 1011 4176 ap.
1024 4107 1095 4160 Mill.
1109 4106 1175 4161 Mel.
1190 4124 1216 4176 p.
1230 4107 1290 4161 189.

116 4197 242 4251 κλεισίον
260 4197 296 4251 ad
315 4196 513 4265 Herodianum,
532 4196 643 4250 κλισίαν
661 4199 698 4250 ud
716 4196 799 4250 Orum
818 4196 940 4264 rettuli13
960 4197 1034 4250 unde
1053 4195 1155 4251 Herod.
1173 4197 1209 4251 ΙΙ.
1228 4197 1290 4266 536,

116 4287 142 4340 3.
165 4287 263 4341 Lentu.
287 4286 417 4355 corrigas.
439 4315 475 4326 -
497 4286 625 4357 Dionysii
649 4285 775 4340 doctrino
798 4285 828 4339 in
850 4285 1012 4340 recensione
1037 4286 1127 4347 alteru
1148 4285 1223 4340 redit
1245 4301 1289 4354 ap.

115 4374 193 4430 Eust.
212 4391 240 4444 p.
260 4376 339 4445 1165,
359 4375 402 4441 52,
421 4374 470 4429 ubi
489 4374 564 4429 Δίων
581 4376 611 4431 in
630 4370 781 4440 Διονύσιος
799 4375 960 4431 mutandum
979 4375 1096 4431 videtur.
