3000 5040
756 274 819 341 196

195 429 378 522 πρόβατον.
422 431 463 500 ἐν
492 426 613 519 ἑτέρῳ
641 433 678 499 δὲ
705 438 849 520 λεξικῷ
880 429 1081 521 ῥητορικῷ
1106 426 1288 520 γράφεται,
1318 423 1366 500 ὅτι

194 531 317 629 ῷαιθ)
342 537 475 625 ἔσχαται
493 535 602 626 ἄκραι.
636 540 693 624 [ἐν
712 533 817 626 άλλῳ
836 539 884 621 δὲ,
907 531 960 606 ὅτι
978 528 1067 627 qda‘)
1089 532 1269 629 ἧμηλωτὴ
1287 533 1366 607 κατὰ

196 645 340 714 ἔκτασιν.
364 649 422 712 καί
446 648 549 733 δῆλον
573 646 609 712 δὲ
633 645 670 712 ἐκ
693 654 765 712 τῶν
783 643 973 734 ῥηθέντων,
996 637 1050 713 ὅτι
1072 637 1114 713 τὸ
1136 646 1200 733 μὲν
1223 655 1366 734 πρῶτον,

195 749 300 842 ἤγουν
322 746 362 820 τὸ
388 746 442 820 διὰ
465 761 528 819 τοῦ
551 763 572 820 ὁ
594 761 731 839 μικροῦ,
754 748 900 837 φυσικόν
924 751 1016 819 ἐστιν
1040 751 1078 819 ἐκ
1100 761 1165 819 τοτ’
1189 746 1252 835 ὄις,
1272 746 1312 820 τὸ
1335 753 1367 820 δὲ

168 857 356 947 εδεύτεραν
379 857 529 948 ἐξετάθη.
565 857 651 926 ἔνθα
674 859 884 946 προσεκτέον
906 867 960 946 τῷ
982 855 1200 947 γράψαντι,
1229 850 1284 927 ὅτι
1306 854 1366 926 ὄιαι

196 968 356 1054 διφθέραι
377 969 537 1055 μηλωταί.
562 955 604 1033 οὗ
628 962 759 1033 ἐκτάσει
778 967 835 1033 καὶ
854 966 1046 1054 συναιρέσαι
1064 954 1138 1053 odat.
1168 958 1296 1053 ὁμοίως
1318 967 1366 1054 οη-

195 1080 258 1141 λον
281 1076 338 1140 καὶ
362 1065 414 1140 ὅτι
438 1067 480 1139 οὐ
502 1077 697 1151 πολυτελεῖς
720 1065 807 1139 κατὰ
832 1065 896 1160 τὴν
923 1071 960 1140 ἐν
982 1085 1054 1151 τοῖς
1074 1065 1158 1158 μετὰ
1180 1080 1290 1140 ταῦτα
1311 1080 1367 1139 τοῦ

194 1174 375 1259 Ὀδυσσέως
398 1188 525 1267 χρυσῆν
553 1168 626 1265 ῷαν
655 1177 689 1246 αλ
716 1181 833 1246 λοιπαὶ
855 1181 981 1265 κυρίως
1003 1167 1082 1266 odae,
1111 1170 1198 1246 ἀλλὰ
1225 1181 1367 1268 μηλωταί

194 1312 297 1369 τινες,
326 1282 442 1354 ὁποῖαι
464 1287 588 1352 πολλαὶ
611 1288 667 1351 καὶ
689 1285 783 1372 μέχρι
805 1294 869 1352 νῦν
891 1277 982 1373 παρὰ
1004 1297 1076 1365 τοίς
1098 1277 1296 1373 άγροίκοις]
1334 1284 1367 1351 ἐν

157 1418 183 1458 ro
198 1395 234 1461 δὲ
258 1388 453 1480 άνωνύμῳ
477 1390 677 1480 ῥητορικῷ
701 1398 844 1479 λεξικῷ
866 1388 1031 1479 γράφεται
1053 1393 1111 1459 καὶ
1129 1383 1184 1459 ὅτι
1203 1385 1366 1474 ὀξυτόνως

196 1504 254 1567 καὶ
281 1500 554 1585 συνεσταλμένως
579 1492 682 1584 ow)
712 1496 863 1584 ἱματίων.
906 1498 1000 1586 φέρει
1028 1498 1066 1566 δὲ
1092 1500 1291 1586 καὶχρῆσιν
1311 1504 1366 1564 τοί

197 1613 350 1694 κωμικοῦ
371 1601 412 1672 τὸ
437 1607 506 1690 (Ar.
524 1606 563 1671 fr.
584 1607 648 1671 228
672 1606 784 1693 Koek).

357 1704 414 1779 ὅτε
437 1705 498 1791 τὰς
520 1704 580 1791 dog
603 1709 794 1799 ἐποιήσατο.

198 1818 230 1886 οἱ
252 1812 314 1905 γάρ
338 1821 486 1900 παλαιοί,
510 1837 619 1906 φησι,
642 1820 699 1885 καὶ
721 1815 859 1896 ταύταις
883 1809 954 1896 ὀϊός
977 1817 1081 1904 (ίέρμα
1103 1817 1366 1906 προσέρραπτον,

158 1948 184 1987 15
198 1925 253 1992 ἵνα
276 1917 396 2012 ἥκιστα
418 1927 589 2011 τρίβοιντο
612 1918 654 1990 τὰ
678 1921 773 1990 κάτω
796 1933 868 1990 τῷν
892 1921 1042 2010 ἱματίων.

287 2033 360 2096 267.
394 2032 567 2097 Eustath.
590 2056 620 2117 p.
647 2032 746 2112 1773,
771 2033 823 2098 30.
855 2031 995 2109 Αίλιος
1020 2030 1137 2116 μέντοι
1164 2026 1367 2106 Διονύσιος

198 2134 319 2225 γράφει
339 2129 390 2204 ὅτι
409 2140 466 2203 καὶ
483 2129 523 2203 τὸ
544 2133 704 2226 οἷσθαῑ)
723 2139 780 2203 καὶ
800 2133 943 2214 οἶσθας
962 2130 1063 2222 άμφω
1078 2129 1265 2225 Ἑλληνικὰ,
1283 2127 1368 2203 καθὰ

199 2247 256 2310 καὶ
278 2233 371 2331 ἦσθα
393 2246 451 2310 καὶ
473 2233 591 2331 ἧσθας.
634 2236 725 2326 ἅπαξ
748 2244 795 2326 δέ,
818 2261 927 2327 φασι,
954 2237 1038 2331 παρ’
1056 2236 1187 2332 Ὁμήρῳ
1213 2235 1256 2311 τὸ
1283 2240 1368 2320 σίδας

199 2351 236 2418 ἐν
258 2359 308 2437 τῷ
332 2353 368 2438 (α
391 2353 486 2436 337)-

159 2480 186 2519 το
358 2449 468 2524 πολλὰ
491 2447 553 2543 γάρ
578 2450 663 2522 άλλα
685 2461 819 2543 βροτῶν
842 2452 1027 2544 θελκτήρια
1050 2452 1152 2534 οἶδας.

220 2559 223 2565 ’
290 2565 364 2631 268.
396 2565 570 2630 Eustath.
588 2587 617 2648 p.
639 2566 738 2642 1160,
765 2565 815 2630 17.
848 2562 885 2630 ἓν
913 2563 949 2629 δὲ
972 2559 1141 2652 ῥητορικῷ
1163 2567 1286 2650 λεξικῷ
1307 2561 1369 2630 Αί-

200 2673 289 2736 λίου
313 2672 528 2736 Διονυσίου
552 2670 689 2756 φέρεται
712 2671 768 2735 καὶ
792 2664 943 2757 decom)
967 2663 1007 2736 τὸ
1032 2662 1156 2757 ὀλίγον.
1193 2671 1277 2758 φησί
1298 2661 1369 2756 γάρ·

200 2769 325 2862 ὀλίγον.
349 2768 389 2842 τὸ
415 2776 451 2842 δὲ
474 2770 571 2842 άλιον
594 2769 614 2862 ἢ
637 2772 808 2863 βάρβαρον
830 2769 851 2840 ί
874 2768 991 2843 Ἰακόν.

200 3003 236 3012 -
254 2973 327 3026 Mire
346 2970 457 3039 occidit,
478 2971 550 3039 quod
569 2972 667 3026 oedem
686 2972 813 3027 doctrina
831 2972 952 3027 recurrit
970 2987 1015 3042 ep.
1028 2973 1106 3028 Phot.
1126 2987 1148 3027 ε.
1163 2989 1189 3028 ν.
1208 2964 1268 3036 άας.
1287 2973 1370 3028 Hoer.

202 3077 229 3128 p.
249 3061 314 3125 205,
334 3062 377 3114 22.
396 3060 486 3113 Bekk.
505 3059 571 3114 Hes.
591 3077 612 3115 ε.
633 3077 657 3114 v.
677 3053 720 3115 άα.
740 3061 788 3116 ubi
806 3076 827 3116 ε.
846 3060 866 3116 f.
884 3060 1006 3117 edicitur
1027 3056 1045 3129 ἦ
1069 3059 1099 3116 δὲ
1124 3056 1156 3116 ἐν
1178 3067 1239 3125 τοῖς
1256 3055 1373 3129 ἱματίοις

203 3141 254 3221 ῷα.
284 3149 319 3203 cf.
337 3149 406 3203 Poll.
425 3149 487 3204 VII.
507 3150 549 3202 62.
570 3149 612 3203 64.

292 3236 314 3305 ³)
334 3237 414 3291 Conv.
427 3237 472 3290 Et.
486 3237 524 3290 M.
539 3238 599 3302 620,
614 3237 657 3293 40.
682 3237 806 3308 Suspicio
825 3241 958 3306 movetur,
977 3255 1014 3294 en
1031 3243 1110 3294 reete
1127 3238 1206 3294 Euet.
1219 3237 1373 3295 tradiderit.

291 3327 313 3390 ⁴)
333 3324 432 3379 Omnie
455 3341 490 3378 ex
512 3328 636 3380 tractatu
660 3327 840 3395 grammatico
863 3327 970 3383 inserto
992 3332 1064 3382 eunt.
1101 3327 1207 3382 Partim
1230 3331 1374 3384 recurrunt

203 3431 247 3483 ap.
266 3414 311 3466 Et.
331 3413 401 3468 Gud.
420 3431 446 3482 p.
463 3415 524 3479 575,
538 3415 590 3480 31,
610 3413 645 3469 cf.
665 3415 767 3471 Herod.
786 3416 829 3471 ed.
842 3416 939 3471 Lentz.
958 3417 993 3470 11.
1014 3417 1075 3485 609,
1088 3417 1114 3471 9.
1133 3415 1173 3472 cf.
1192 3415 1261 3473 Lob.
1274 3417 1373 3488 Phryn.

203 3521 230 3572 p.
249 3504 301 3557 495
320 3503 396 3569 (Ηεε.
417 3519 437 3556 e.
458 3520 482 3558 v.
503 3495 577 3571 οἷαι).

292 3589 313 3658 ⁶)
332 3592 413 3646 Conv.
432 3592 520 3660 Phoe,
540 3591 588 3660 qui
606 3592 790 3648 Deetelonees
808 3593 933 3649 advocet.
958 3593 998 3650 07.
1012 3594 1103 3649 Schol.
1115 3593 1207 3663 Apoll.
1220 3595 1310 3652 Rhod.
1328 3595 1374 3651 lv.

203 3682 246 3736 46.
265 3681 310 3734 Et.
331 3681 400 3735 Gud.
419 3682 480 3747 575,
499 3682 542 3736 48.
562 3682 628 3736 Hes.
648 3698 668 3736 ε.
689 3699 713 3737 v.
733 3676 799 3746 ὠάς.

249 3771 309 3825 267.
329 3772 350 3834 1)
369 3771 455 3824 Moer.
480 3787 507 3839 p.
531 3772 597 3838 205,
618 3773 642 3825 6.
661 3801 697 3810 -
720 3771 874 3826 Herodieni
897 3772 1023 3826 doctrine
1045 3771 1112 3838 fuit,
1135 3769 1171 3826 cf.
1195 3773 1230 3827 11.
1251 3773 1315 3840 195,
1333 3772 1374 3828 24.

204 3859 299 3913 Lentz.
320 3858 543 3914 0156515105.
563 3860 650 3914 Kook.
669 3890 705 3898 -
724 3863 768 3915 An
787 3877 833 3927 ea,
854 3877 925 3929 quoe
944 3861 1010 3915 Hes.
1029 3866 1126 3916 contre
1144 3859 1238 3916 offert:
1267 3854 1375 3924 οἶσθας.

204 3939 290 4010 οἶδας.
315 3942 459 4017 ἑκατέρως
474 3943 597 4012 Ἀττικοί,
621 3949 682 4003 iure
702 3965 764 4004 oum
782 3950 906 4016 Lentzio,
925 3949 1027 4004 Herod.
1047 3951 1082 4004 11.
1101 3950 1162 4016 559,
1182 3950 1216 4004 13
1235 3951 1272 4005 ed
1289 3951 1375 4006 Hero·

205 4035 282 4090 diani
301 4035 385 4090 libros
403 4037 471 4106 περὶ
489 4031 687 4108 ὀρθογραφίας
704 4037 853 4093 referendo
872 4039 936 4104 sint,
958 4037 1062 4094 dubito.

250 4125 311 4178 268.
330 4125 352 4194 1)
372 4125 514 4179 Eustethii
532 4127 608 4180 locus
627 4143 682 4181 non
699 4131 777 4181 recte
796 4143 857 4182 sese
876 4128 980 4182 hebere
995 4127 1113 4182 videtur.
1133 4121 1213 4181 ὀλίον
1231 4125 1307 4182 enim
1323 4142 1376 4182 non

206 4214 314 4278 Ionum,
339 4214 388 4267 sed
407 4214 620 4269 Tarentinorum
642 4216 785 4284 proprium
808 4216 874 4285 fuit,
898 4216 933 4271 of.
952 4216 1054 4271 Herod.
1072 4216 1108 4270 II.
1128 4215 1194 4278 925,
1213 4216 1257 4272 24.
1280 4217 1374 4271 Lento

205 4302 249 4355 Et.
270 4302 307 4354 M.
328 4303 387 4367 621,
401 4303 444 4357 51.
464 4303 509 4368 (cf.
528 4304 629 4358 Herod.
649 4305 684 4359 11.
699 4306 761 4374 295,
774 4306 809 4370 9).
827 4335 863 4344 -
882 4305 977 4360 Ionum
997 4304 1086 4359 forme
1104 4299 1205 4371 ὀλίζων
1223 4306 1288 4374 (non
1306 4319 1375 4360 oem-

205 4405 256 4459 per
270 4406 352 4444 sensu
367 4392 553 4460 comparativo
567 4399 693 4462 accepte,
709 4393 743 4449 cf.
759 4394 803 4450 Et.
819 4395 857 4449 M.
874 4395 934 4462 622,
951 4397 974 4449 1.
990 4394 1074 4450 Cohn.
1085 4394 1161 4449 stud.
1171 4394 1262 4450 Berol.
1273 4393 1295 4449 1.
1305 4391 1375 4462 673.)
