3000 5040
659 282 720 348 149

99 433 263 524 σώματος.
284 437 318 505 αἱ
335 432 397 527 γὰρ
416 431 502 507 κατὰ
521 437 795 529 Πελοπόννησόν,
819 461 923 531 φησι,
946 441 1044 531 κόραι
1063 446 1269 533 διημέρευον,

98 538 246 628 ἄζωστοι
273 547 331 612 καὶ
354 539 526 632 ἀχίτωνες,
555 546 687 634 ἱμάτιον
713 546 821 634 μόνον
849 549 904 616 ἐπὶ
927 551 1056 641 θατέρᾳ
1084 552 1267 642 έπιπεπορ-

97 653 280 742 πημέναιῑ)
309 655 381 738 [καὶ
409 645 472 739 ὅρα
499 654 649 723 ἐνταῦθα
677 649 844 743 διαφορὰν
868 655 1000 741 ἱματίου
1023 662 1081 725 καὶ
1100 666 1267 748 χιτῶνος]

97 763 329 839 Παυσανίας
348 761 384 828 δὲ
407 763 464 827 καὶ
487 754 589 841 αὐτὸς
612 759 822 849 διοριάζειν
845 767 926 851 φησὶ
948 757 988 831 τὸ
1011 777 1267 854 παραχυμνοῦσ-

98 875 171 936 θαι.
196 860 349 956 Δωρικὸν
366 865 428 956 γάρ
448 887 542 956 φησι
559 862 600 936 τὸ
623 873 850 956 παραφαίνειν
868 863 908 938 τὸ
929 879 1033 957 σῶμα,
1057 866 1111 939 διὰ
1129 868 1169 941 τὸ
1187 878 1269 964 μηδὲ
1296 897 1309 938 ε
1367 914 1371 922 ·

98 973 209 1060 ζώνας
236 972 336 1061 ἔχειν,
363 968 403 1043 τὸ
426 968 516 1043 πολὺ
540 977 575 1042 δὲ
597 985 740 1062 χιτῶνας
767 991 900 1064 φορεῖν,
929 979 965 1045 έν
989 980 1025 1046 δὲ
1047 977 1190 1068 Σπάρτῃ
1213 987 1271 1050 καὶ

97 1077 159 1163 τὰς
176 1081 280 1171 κόρας
297 1075 422 1170 γυμνὰς
440 1085 623 1167 φαίνεσθαι
631 1084 668 1174 ²).
702 1087 774 1169 [καί
792 1077 856 1172 ὅρα
875 1080 921 1165 οὲς
940 1081 958 1153 ὁ
978 1084 1187 1168 Διονύσιος
1208 1091 1270 1176 μὲν

97 1185 251 1279 α’πέφησε
272 1197 344 1258 τῶν
367 1186 550 1278 Δοοριάιίοον
573 1183 613 1258 τὸ
634 1206 890 1280 χιτοονοφορεῖν,
913 1197 1142 1274 Παυσανίας
1165 1197 1200 1262 δὲ
1220 1222 1269 1282 χι-

96 1305 210 1377 τῶνας
236 1310 355 1386 φορεῖν
383 1288 486 1376 αὐτὰς
513 1294 590 1386 έφη,
617 1292 707 1387 πλὴν
735 1293 798 1365 οὐκ
826 1292 878 1366 οῗεὶ
906 1293 981 1366 611²
1005 1294 1051 1379 οὲς
1079 1301 1134 1368 έπὶ
1155 1301 1267 1388 πολύ]

665 1536 702 1597 Ε.

190 1675 262 1740 141.
294 1674 613 1757 Eustath.p.916‚
635 1676 684 1739 10.
717 1670 787 1740 έστι
811 1675 846 1740 δὲ
869 1667 889 1762 ἡ
913 1675 999 1756 λέξις
1022 1667 1106 1763 αὕτη
1130 1674 1309 1762 (saia-10

96 1773 180 1868 νὸς)
208 1782 266 1846 καὶ
288 1779 473 1866 κασσιτέρῳ
498 1779 697 1868 ἐπικειμένη.
732 1775 778 1859 ὡς
800 1784 857 1847 καὶ
881 1781 918 1847 έν
940 1793 1011 1860 τοῖς
1035 1778 1107 1870 ἑξῆς
1131 1777 1268 1871 εὑρεθή-

97 1904 202 1954 σεται.
234 1883 432 1975 λεχθήσεται
449 1879 511 1973 γὰρ
530 1889 586 1954 καὶ
605 1890 799 1974 κασσίτερος
823 1884 927 1967 ἑανός.
956 1891 1049 1976 φησί
1073 1890 1114 1956 δέ
1135 1914 1194 1969 τις
1218 1890 1269 1957 έν-

97 2000 212 2062 ταῦθα
236 1986 335 2061 οὕτω.
370 1987 485 2073 ἑανὸς
507 1997 713 2081 κασσίτερος,
735 1990 754 2061 ὁ
780 1988 974 2080 εὖδιάχυτος
995 1999 1052 2062 καὶ
1075 1995 1270 2079 έπιβόίαιον

96 2093 210 2182 λιτὸν,
236 2101 320 2168 ποτὲ
349 2102 385 2168 δὲ
413 2093 539 2169 λεπτὸν
562 2093 698 2188 ὕφασμα
708 2107 741 2184 1).
782 2089 1012 2182 Παυσανίας
1036 2104 1072 2170 δὲ
1096 2095 1149 2170 ὅτι
1173 2097 1270 2184 ἑανὸς

95 2210 272 2295 γυναικεία
295 2199 397 2295 ἐσθὴς
419 2205 568 2296 ποδήρης
577 2210 613 2294 ²).
1147 2288 1148 2291 ¹
1284 2234 1309 2274 15

189 2317 262 2382 142.
293 2317 464 2383 Eustath.
487 2340 516 2401 p.
537 2315 631 2393 1825,
652 2317 701 2383 14.
730 2315 842 2383 ἰστέον
862 2317 897 2383 δὲ
921 2307 974 2383 ὅτι
996 2310 1075 2396 τοὺς
1098 2319 1268 2406 δηλωθέν-

96 2445 156 2502 τος
176 2422 387 2509 χειροτέχνας
410 2418 501 2489 ’ἐστιν
524 2423 630 2489 εἰπεῖν
658 2420 743 2489 εἶναι
770 2415 849 2502 τοὺς
875 2432 939 2490 τοῦ
959 2421 1073 2510 μύθου
1097 2424 1267 2512 έχχείρο-

96 2526 329 2616 γάστοραςῑ)
349 2523 396 2608 ὡς
419 2522 487 2596 ἀπὸ
509 2538 632 2617 χειρῶν
654 2527 884 2612 βιοτεύοντας,
907 2524 1000 2599 καθὰ
1023 2534 1080 2597 καὶ
1103 2531 1267 2617 ἐγγλωτ-

97 2632 344 2723 τογάστορας
357 2629 789 2724 παράΑίλὶηοΔιονυσίῳ
805 2635 838 2703 οἱ
852 2630 920 2704 dmi
934 2634 1083 2725 γλώττης
1098 2643 1221 2720 ζῶντες
1231 2643 1266 2726 2χ.

143 2814 205 2870 140.
226 2815 246 2882 1)
264 2815 345 2870 Cant.
370 2815 414 2869 Et.
435 2816 472 2870 M.
492 2817 557 2884 293,
578 2817 625 2885 40,
650 2815 697 2884 qui
720 2815 770 2869 sub
789 2814 808 2870 f.
829 2815 920 2870 addit:
948 2818 997 2870 καί
1019 2816 1268 2886 παρεμφαίνονσαι

98 2899 172 2959 πολὺ
191 2907 243 2960 τοῦ
261 2898 401 2972 σώματος.
421 2898 558 2975 καθάπερ
576 2907 625 2959 καί
644 2900 675 2959 ἐν
688 2899 815 2975 ἄρχαίοις
826 2893 925 2972 έμνοις
939 2897 1015 2959 ἔστιν
1029 2898 1123 2975 εὑρεῖν
1136 2902 1167 2961 ἐν
1179 2901 1268 2974 ὑπομ-

97 2989 202 3064 νήματι
210 2985 330 3065 Ἑκάβης
342 2991 509 3065 (Εὐριπίδου
521 2995 584 3050 add.
596 2995 654 3049 cod.
669 2995 743 3050 Flor.
756 2994 837 3060 Mill.)
851 2982 941 3059 οὕτως
950 2983 1040 3066 Ὦρος.
1055 2995 1089 3049 cf.
1102 2997 1167 3050 Hes.
1181 2998 1267 3052 Moer.

191 3084 213 3154 ²)
232 3099 308 3139 conv.
336 3083 410 3139 Suid.
440 3083 475 3139 cf.
499 3083 567 3139 Poll.
591 3085 652 3139 VII.
676 3085 719 3140 54.
743 3084 845 3138 Herod.
868 3085 901 3139 V.
921 3086 963 3140 87.
994 3085 1083 3140 Schol.
1110 3085 1176 3140 Eur.
1200 3087 1267 3142 Hec.

98 3174 160 3230 934.
184 3175 235 3228 καί
253 3168 401 3244 δωριάζειν
424 3167 456 3227 τὸ
475 3170 672 3243 χυμνονμένας
691 3174 847 3242 φαίνεσθαι
869 3168 920 3238 τὰς
938 3182 1079 3245 γυναῖκας.
1104 3169 1267 3246 Ἀνακρέων.

98 3263 142 3334 (fr.
162 3261 216 3334 59.)
237 3257 344 3317 ἐκδῦσα
360 3264 468 3332 χιτῶνα
487 3256 642 3333 δωριάζειν.
668 3261 702 3317 ci.
717 3263 816 3331 Bergk.
836 3263 901 3333 Lyr.
920 3263 983 3318 111⁴.
1000 3281 1027 3333 p.
1047 3265 1108 3320 211.

143 3351 204 3406 141.
226 3351 247 3421 ¹)
265 3351 341 3421 Quae
365 3351 491 3406 doctrina
513 3351 588 3405 redit
610 3368 655 3422 ap.
675 3351 740 3405 Hes.
760 3352 796 3420 gl.
817 3353 841 3405 1.
861 3352 906 3407 Et.
925 3353 962 3407 M.
982 3353 1047 3420 308,
1068 3356 1108 3409 16.
1132 3354 1177 3409 Et.
1198 3354 1267 3410 Gud.

98 3441 158 3507 155,
177 3441 221 3496 21.
240 3442 368 3510 Apollon.
386 3441 441 3495 lex.
460 3442 531 3495 hom.
552 3442 594 3509 61,
613 3441 656 3495 26.
681 3441 770 3495 Bekk.
790 3441 879 3496 Schol.
898 3442 976 3496 Hom.
997 3444 1026 3496 Σ
1041 3445 1103 3498 352.
1122 3444 1218 3498 -De
1237 3459 1268 3498 re

96 3528 160 3599 ipsa
174 3528 234 3599 agit
244 3529 313 3585 Poll.
323 3529 384 3587 VII.
398 3530 441 3585 51.
455 3545 545 3598 neque
555 3535 649 3586 tamen
658 3529 707 3599 ita,
722 3534 753 3584 ut
768 3531 804 3584 ad
817 3547 987 3586 communem
1003 3530 1106 3587 fontem
1120 3532 1267 3602 pervenire

96 3633 194 3688 possis.

188 3705 262 3772 ¹101.
285 3706 413 3763 Eustath.
437 3725 463 3776 p.
488 3708 571 3775 1249,
590 3709 632 3763 32.
666 3705 739 3772 τινὲς
766 3707 864 3775 μέντοι
887 3705 975 3764 ταύτὸ
998 3702 1134 3778 ἡγοῦνται
1157 3706 1267 3763 πέπλον

97 3797 145 3850 καί
160 3791 245 3851 ἑανὸν
260 3793 359 3860 εἰπεῖν,
378 3789 416 3860 ὡς
430 3797 511 3864 δηλοῖ
520 3789 596 3850 καὶὸ
611 3791 760 3867 γράψας,
781 3785 825 3852 ὅτι
838 3796 950 3866 πέπλοι,
970 3785 1019 3861 οὓς
1038 3794 1217 3867 ἐπερονῶντο
1237 3793 1267 3852 αἱ

97 3892 230 3956 γυναῖκες
251 3881 349 3954 μόναι,
372 3881 400 3940 οἳ
423 3887 471 3940 καί
495 3880 573 3940 ἑανοὶ
592 3889 752 3941 καλοῦνται.
782 3886 816 3941 cf.
835 3905 862 3957 p.
884 3889 964 3956 1042,
984 3890 1008 3943 9.
1028 3887 1093 3955 427,
1114 3888 1155 3941 18.
1176 3889 1218 3942 33.
1238 3892 1267 3942 et

98 3976 180 4042 1146,
198 3977 242 4031 46.
261 3975 329 4030 Poll.
348 3976 398 4031 ΙΙΙ.
418 3977 461 4031 37.
480 4007 516 4016 -
535 3976 593 4045 Quo
617 3992 651 4032 ex
670 3976 745 4030 fonte
763 3976 808 4031 Et.
828 3977 866 4031 M.
886 3978 952 4045 308,
973 3979 1006 4032 13
1024 3977 1089 4031 Hes.
1109 3977 1144 4044 gl.
1164 3977 1181 4030 2
1199 3975 1266 4030 hau-

98 4065 193 4129 serint,
212 4064 326 4120 dnbium
345 4071 395 4121 est.

142 4153 202 4208 142.
224 4155 244 4220 1)
263 4154 361 4210 Totam
380 4155 533 4210 doctrinam
552 4155 626 4211 Suid.
641 4154 780 4224 repetivit.
795 4185 831 4194 —
846 4152 880 4209 cf.
894 4155 959 4209 Hes.
978 4154 1105 4209 Eustath.
1127 4155 1203 4220 1622,
1223 4154 1267 4209 54.

187 4242 210 4313 ¹)
229 4244 338 4298 Alludit
356 4245 392 4300 ad
410 4246 500 4300 locum
513 4262 557 4314 ap.
571 4244 712 4314 Aristoph.
725 4246 775 4298 Av.
791 4244 867 4298 1696.
888 4243 922 4298 cf.
935 4243 1024 4298 Schol.
1043 4243 1080 4297 ib.
1094 4244 1139 4298 Et.
1152 4245 1190 4298 M.
1206 4244 1266 4310 309,

98 4331 140 4388 51.
159 4362 195 4371 -
213 4332 290 4388 Aelii
308 4333 434 4406 Dionysii
453 4334 667 4405 explicationem
685 4335 786 4398 iterum
800 4333 877 4388 vides
896 4333 926 4386 in
945 4333 1070 4402 catalogo
1084 4334 1201 4402 quodam
1214 4348 1265 4386 πο-

97 4423 191 4494 νηρῶν
209 4437 254 4494 ορ.
272 4423 350 4479 Eunt.
368 4441 395 4495 p.
415 4425 494 4492 1411,
512 4425 537 4480 4.
548 4440 608 4495 sqq.
627 4429 749 4494 servato,
769 4439 849 4493 quem
867 4438 918 4494 per
937 4423 1098 4479 Suetonium
1116 4423 1161 4494 (ci.
1179 4423 1264 4491 Goba,
