3000 5040
652 214 714 277 124

95 374 310 460 ἐμφυσῶντες
328 371 361 438 οἱ
380 370 478 439 ἵπποι
497 365 544 450 ὡς
563 366 683 459 φωνὴν
706 368 886 458 σάλπιγγος
908 371 1123 461 προίέντού)Ι
1147 367 1267 460 γράφει

95 470 157 547 οὖν
181 471 290 556 viror

254 576 301 663 ὣς
323 581 386 669 εἶχε
409 581 545 664 πώλους
567 586 728 671 τέτταρας
752 580 958 672 ζυγηφόρους

254 704 404 778 φιμοῑσιν
428 685 630 758 αόλοοτοῑσιν
653 691 886 777 ἐστομωμένας
910 691 961 778 (fr.
981 691 1055 759 326.
1075 690 1215 779 Nauck)

67 822 80 862 s
184 799 234 864 84.
268 800 439 866 Eustath.
458 823 487 884 p.
510 799 608 876 1350,
627 799 678 866 34.
712 789 765 864 ότι
794 790 899 865 δὲτὰ
928 793 1025 864 ἔντεα
1051 798 1149 864 δοκεῖ
1170 792 1266 863 δασό-

95 928 166 971 νειν
188 897 250 992 τὴν
274 899 441 992 ἄρχουσαν
463 897 555 990 παρὰ
583 916 654 982 τοῖς
676 909 847 986 παλαιοῖς,
875 905 974 992 δηλοῖ
998 905 1056 970 καὶ
1078 895 1098 970 5
1124 896 1266 970 οὐθέν-

94 1035 175 1099 της,
195 1004 255 1096 οόχ
274 1006 293 1078 ὃ
309 1008 483 1100 δεσπότης,
503 1003 549 1090 rig
568 1029 669 1098 φησιν
683 1010 822 1090 Αίλιος
836 1006 1061 1092 Διονύσιος,
1080 1001 1266 1076 ἄλλάὐτο-

95 1118 191 1205 έντης
214 1120 271 1184 καὶ
296 1111 485 1207 αὐτοχειρίᾳ
509 1111 643 1201 φονεὺς,
667 1111 685 1184 5
709 1119 767 1184 καὶ
789 1109 1047 1205 uriroprr'vt7291).

184 1225 234 1292 85.
258 1226 429 1293 Eustath.
441 1248 470 1310 p.
484 1225 578 1302 1332,
592 1225 631 1290 12
644 1224 679 1312 ¹).
703 1225 931 1303 Παυσανίας
950 1223 987 1290 όέ
1005 1239 1109 1311 φησιν
1128 1213 1182 1290 ότι
1200 1213 1265 1288 αό-

55 1327 331 1417 ιοτοχόοονοςύ)
360 1324 378 1397 5
404 1331 440 1413 ἐξ
462 1324 568 1397 αὐτοῦ
590 1337 652 1397 τοῦ
673 1326 787 1415 χοόνου
815 1323 921 1417 ἄλλην
947 1330 1111 1417 μηδεμίαν
1133 1345 1266 1417 προσεο

93 1430 209 1526 ληφώς
236 1434 423 1526 ἐπισκευήν.
456 1440 513 1504 καί
541 1428 631 1504 οὐτοο
658 1437 720 1522 μὲν
749 1436 899 1504 ἐνταῦθα
926 1430 946 1524 ἦ
971 1427 1092 1514 αὐτός
1115 1429 1266 1503 ἀντωνο-

93 1546 151 1629 μία
175 1540 351 1630 σύγκειται.
385 1538 405 1632 ἦ
430 1545 468 1610 δέ
488 1568 524 1629 γε
549 1537 761 1628 αὐτόχθων
791 1539 936 1630 ἓστίαῧ)
962 1535 983 1630 ἦ
1006 1549 1070 1608 τοῦ
1093 1544 1267 1630 Χείρωνος

95 1643 235 1717 ἀλλοίαν
258 1647 324 1736 ἔχει
345 1643 408 1738 τὴν
432 1647 605 1718 σύνθεσιν·
632 1651 730 1738 όηλοῑ
753 1643 816 1737 γὰρ
839 1641 901 1737 τὴν
924 1641 1080 1736 αὐτοφυῆ
1101 1651 1161 1716 καὶ
1185 1656 1266 1736 σπη-

95 1753 233 1844 λαιοόόη,
256 1747 298 1843 ἣν
322 1754 456 1844 ἕτερός
478 1781 537 1835 τις
560 1748 802 1843 αὐτόροφον.
827 1749 846 1823 5
866 1755 903 1824 δὲ
924 1759 1055 1838 βασιλεῖ
1076 1746 1193 1822 ἐλθούν
1211 1748 1266 1822 αὐ

56 1890 81 1931 ιι
95 1859 239 1948 τόματος
267 1855 412 1946 α’ὐελφός
440 1863 485 1942 είς
519 1864 615 1929 δαῖτα
648 1855 830 1950 ὁμοιότητα
863 1858 928 1948 ἔχει
956 1855 1066 1940 ἄλλοις
1093 1858 1181 1948 πρὸς
1206 1853 1268 1929 τόν

96 1968 212 2054 ἐφεξῆς
234 1991 303 2034 που
326 1966 561 2057 ῥηθησόμενον
589 1962 808 2056 αὐθέντην,
836 1959 857 2036 ό
884 1967 975 2036 ἐστιν
1002 1959 1266 2056 αὐτοφόντην4).

96 2073 129 2141 οἱ
156 2067 403 2163 αὐτερέταιὸ)
433 2076 469 2143 δὲ
497 2070 579 2143 όλλο
607 2099 640 2142 τι
669 2077 843 2163 δηλοῦσιν,
876 2065 929 2142 ότι
956 2065 1082 2162 δηλαδὴ
1110 2071 1144 2142 oi
1172 2066 1268 2142 αὐτοὶ

185 2291 206 2357 ⁶)
224 2290 289 2345 Hes.
309 2307 332 2345 s.
350 2308 374 2345 v.
393 2306 469 2346 conv.

141 2379 183 2435 84.
205 2381 225 2446 ¹)
244 2380 325 2435 Conv.
340 2381 372 2434 Β.
386 2381 420 2434 A.
435 2379 496 2447 463,
516 2379 541 2444 4,
561 2379 634 2434 unde
653 2377 743 2433 Meier
762 2377 813 2448 Op.
827 2379 864 2433 II.
879 2394 905 2447 p.
920 2375 955 2431 69
972 2379 1050 2431 reete
1069 2374 1166 2430 effecit
1185 2375 1268 2431 verba

97 2463 148 2537 οὐχ
168 2463 184 2522 ὃ
203 2464 343 2538 δεσπότης
361 2473 424 2538 post
441 2467 568 2538 Dionysii
586 2482 687 2522 nornen
706 2466 868 2522 collocanda
886 2481 956 2521 esse.
991 2463 1108 2520 Brerius
1127 2459 1269 2533 αὐθέντης

97 2551 113 2612 5
137 2552 271 2628 αὐτόχειρ
294 2557 397 2613 dieitur
419 2558 497 2611 Eust.
516 2557 564 2623 82,
583 2557 626 2612 41.
650 2557 715 2625 641,
734 2555 778 2610 48.
801 2555 868 2624 882,
887 2555 930 2610 61.
953 2553 1018 2620 945,
1038 2553 1073 2608 12
1092 2553 1207 2622 etum,
1226 2554 1267 2618 17,

96 2647 168 2701 unde
187 2663 222 2700 ex
240 2649 371 2710 παλαιοῖς
393 2638 593 2714 ὑπομνήμασιν
614 2645 687 2701 hane
710 2643 864 2700 doctrinam
883 2644 918 2699 ab
937 2641 1113 2708 Heracleone
1131 2657 1267 2712 gramma·

95 2734 152 2790 tieo
170 2738 198 2802 (a
211 2734 329 2805 Didymo
343 2735 405 2804 ipso
424 2734 561 2802 adhibito)
580 2734 697 2803 petitam
713 2748 774 2788 esse
790 2732 929 2788 discimus.
950 2729 990 2787 cf.
1004 2731 1071 2786 Hes.
1086 2746 1108 2787 s.
1122 2747 1148 2786 τ.
1162 2727 1268 2786 οὐθέν·

96 2841 152 2892 της,
173 2818 332 2892 αὐτοέντης.
350 2824 395 2878 Et.
409 2824 446 2878 M.
461 2824 521 2890 169,
535 2825 559 2878 2.
573 2822 642 2878 Gud.
657 2823 699 2888 92,
713 2822 756 2877 51.
770 2822 832 2885 550,
845 2822 888 2878 51.
908 2819 998 2877 Schol.
1017 2819 1111 2890 Apoll.
1130 2814 1268 2875 171155.Π.

97 2912 158 2967 754.
172 2911 262 2967 Schol.
276 2912 361 2968 Thue.
375 2913 424 2967 ΙΙΙ.
445 2915 488 2969 58.
517 2912 643 2967 Eandem
655 2911 810 2966 doctrinam
823 2915 908 2979 atque
925 2908 1067 2965 atticistae
1080 2909 1157 2978 apud
1167 2907 1268 2979 Phrpn.

96 3001 164 3056 Lob.
183 3018 210 3071 p.
231 3002 289 3056 120.
318 3001 442 3056 Similem
461 3001 615 3057 doctrinam
634 2999 741 3070 profert
759 3000 845 3068 Harp.
864 2998 933 3055 loeis
957 2997 1122 3068 quibusdam
1140 2995 1269 3068 ursionis

96 3096 270 3160 exornatam,
295 3091 368 3145 unde
391 3106 441 3145 sua
464 3090 563 3146 Suidas
587 3089 700 3159 petivit,
729 3089 778 3144 sed
805 3088 898 3158 paullo
927 3085 1052 3143 auctiora
1080 3088 1110 3141 at
1138 3085 1269 3143 Isoorsus

97 3181 224 3249 exemplo
248 3179 395 3235 illustrata.
434 3179 489 3234 Sub
517 3178 601 3234 finem
624 3178 741 3234 eandem
765 3175 959 3250 etymologiam
981 3175 1106 3245 ineptam
1128 3169 1190 3230 ὐπὸ
1213 3176 1269 3229 τῶν

99 3266 188 3324 ἐντῶν
211 3268 319 3337 profert
342 3273 423 3336 atque
442 3268 487 3322 Et.
506 3267 545 3322 M.
565 3267 636 3322 (iud.
668 3266 719 3323 Oui
742 3268 859 3322 alteram
881 3281 937 3320 non
959 3263 1103 3320 meliorem
1125 3261 1270 3319 substituit

96 3359 197 3429 Phryn.
216 3357 246 3411 in
264 3357 295 3412 Β.
314 3360 347 3413 A.
368 3357 415 3422 15,
436 3357 466 3426 9,
486 3373 547 3412 oum
566 3357 601 3412 ab
621 3348 693 3411 etrus
711 3355 849 3411 infinitivo
868 3349 1009 3423 αὐθέντης
1027 3368 1123 3409 vooem
1142 3351 1270 3409 derivare

97 3450 220 3502 conetur.
917 3488 918 3491 ,

141 3536 184 3590 85.
204 3536 225 3603 1)
244 3536 317 3604 Quas
336 3550 417 3590 voees
436 3550 530 3590 omnes
550 3550 584 3590 ex
602 3534 741 3590 Pausania
759 3532 873 3589 fluxisse
891 3533 949 3588 iam
966 3531 1032 3587 inde
1050 3535 1178 3601 apparet,
1198 3529 1271 3601 quod

97 3626 132 3680 de
155 3620 296 3693 αὐθέντης
323 3640 389 3680 voce
417 3624 515 3680 eadem
538 3623 645 3694 profert
672 3627 756 3692 atque
779 3622 841 3678 Ael.
864 3621 945 3677 Dion.
965 3619 999 3676 ir.
1018 3619 1061 3676 84.
1098 3619 1162 3676 Nou
1184 3618 1271 3690 igitur

96 3714 202 3769 Meiere
216 3713 407 3783 assentiemur,
427 3713 475 3783 qui
489 3709 670 3783 αὐτοχόωνος
683 3717 791 3768 tantum
810 3711 845 3766 ab
859 3709 998 3766 Pausania
1016 3707 1188 3778 explicatum
1207 3722 1269 3764 esse

96 3803 202 3858 statuit.
226 3805 315 3859 Voces
331 3803 381 3858 tali
397 3803 476 3858 modo
496 3803 656 3859 coniunctas
676 3801 835 3871 episcopum
853 3799 1027 3870 excerpsisse
1045 3795 1211 3868 saepissime
1231 3796 1271 3852 ri·

97 3893 163 3947 dere
182 3891 256 3947 lieet.
294 3895 338 3947 An
356 3891 459 3948 Rindfl.
478 3909 505 3962 p.
525 3893 567 3947 51.
588 3891 649 3947 iure
668 3889 854 3959 contenderit,
878 3905 926 3945 eas
945 3902 1039 3944 omnes
1062 3887 1115 3943 sub
1137 3885 1270 3943 lemmate

98 3975 201 4044 αὐτὸς
219 3998 237 4035 a
254 3982 393 4035 Pausania
412 3982 521 4036 adlatas
541 3996 610 4047 esse,
630 3980 743 4035 dubium
762 3984 812 4034 est.

187 4070 206 4135 ⁹)
226 4069 334 4124 Similia
352 4070 419 4124 Hes.

186 4157 208 4224 ³)
228 4157 262 4212 cf.
282 4159 347 4213 Hes.
368 4162 397 4213 et
415 4158 460 4213 ut.
480 4159 517 4212 M.
538 4157 598 4226 174,
618 4157 661 4211 41.

185 4246 376 4312 ὐώήΜ

186 4336 207 4402 ⁶)
226 4336 306 4390 Gonu.
326 4335 400 4391 Suid.
420 4336 451 4389 B.
471 4337 505 4389 A.
524 4335 585 4404 464,
605 4336 648 4389 23.
668 4334 787 4390 ο1.Ηευ.
