3000 5040
722 233 766 298 80

157 391 354 474 proficiatur,
381 398 417 456 ut
440 392 532 475 plura
554 391 651 456 etiam
674 412 756 474 quae
779 392 912 474 posteri,
939 389 1080 474 graeculi
1103 395 1137 456 et
1159 388 1328 474 byzantini,

159 499 368 582 protulerunt,
391 501 432 563 ad
456 499 609 581 originem
634 499 753 563 claram
772 504 804 562 st
822 497 993 581 genuinam
1010 502 1210 573 revocantum,
1234 501 1268 562 et
1284 502 1328 562 at

158 605 274 669 tioistis
296 606 409 670 mediis
427 606 625 688 interpositis
648 605 735 669 haud
754 605 886 688 exiguae
904 608 1012 687 partes
1030 604 1197 670 doctrinae
1216 601 1328 687 byzan-

158 713 258 787 tinae,
285 733 366 794 quae
393 712 489 777 hodie
516 712 638 776 minimi
665 712 888 787 aestimantur,
919 711 1114 776 reducantur
1141 711 1185 775 ad
1212 710 1330 774 lumina

159 819 382 893 Alexandrina,
406 825 438 882 et
456 818 513 882 tali
536 819 720 901 dignatione
738 839 776 883 ac
793 817 913 882 honore
936 818 1033 900 digna
1054 816 1247 893 iudicentur,
1270 835 1328 899 quo

158 925 300 1007 profecto
324 925 421 1007 digna
443 930 526 990 sunt.

602 1543 885 1643 Prologomcnn.

160 1722 300 1778 Praefatio
347 1760 1207 1775 ....................
1245 1736 1272 1788 p.
1309 1721 1332 1774 1.

162 1814 227 1881 Cap.
274 1812 295 1864 1.
324 1811 366 1864 De
386 1810 444 1862 vita
463 1824 496 1863 ac
515 1809 628 1876 scriptis
647 1810 833 1863 atticistarnm
884 1849 1204 1864 ........
1243 1826 1270 1879 p.
1307 1810 1332 1863 5.

162 1901 227 1969 Cap.
259 1900 293 1953 II.
322 1900 365 1953 De
384 1897 516 1952 atticistis
540 1896 693 1951 lexicorum
716 1899 930 1965 rhetoricorum,
955 1913 1022 1966 quos
1040 1897 1208 1952 Eustathius

322 1986 457 2051 adhibuit,
477 1985 635 2040 auctoribus
665 2027 1206 2042 .............
1245 2004 1271 2056 p.
1292 1987 1332 2040 12.

163 2077 228 2145 Cap.
243 2077 292 2130 III.
321 2077 364 2130 De
379 2076 486 2129 ratione
499 2075 534 2129 ab
544 2075 692 2130 Eustathio
702 2077 732 2129 in
742 2077 925 2144 excerpendis
935 2075 1066 2130 atticistis
1076 2075 1207 2130 adhibita
1245 2093 1271 2145 p.
1290 2077 1331 2130 26.

163 2165 228 2234 Cap.
244 2166 291 2220 IV.
318 2165 360 2218 De
384 2168 458 2218 statu
482 2163 592 2218 illorum
616 2180 741 2233 operum,
766 2165 856 2233 qualis
875 2163 1017 2218 Eustathii
1035 2162 1208 2232 temporibus

322 2252 407 2306 fuerit
443 2293 1205 2307 ..................
1244 2269 1272 2322 p.
1291 2254 1332 2307 32.

163 2344 227 2411 Cap.
259 2343 292 2398 V
320 2342 423 2396 Deatt
399 2341 567 2396 tticistarnm
586 2342 743 2396 auctoribus
799 2382 1206 2395 ..........
1245 2358 1273 2411 p.
1291 2341 1332 2396 38.

375 2433 432 2495 §L
461 2431 503 2484 De
523 2429 710 2498 Aristophane
728 2431 863 2499 Byzantio
888 2469 1207 2484 ........
1245 2447 1273 2500 p.
1293 2430 1333 2485 40.

409 2521 434 2574 2.
463 2519 504 2573 De
524 2519 641 2589 Didymo
666 2559 1207 2574 ............
1245 2536 1273 2588 p.
1293 2519 1333 2574 57.

409 2697 434 2751 4.
462 2697 504 2750 De
524 2697 671 2766 Tryphone
690 2695 881 2750 Alexandrino
900 2699 930 2750 et
947 2695 982 2750 de
1001 2695 1161 2750 Herodiano
1199 2737 1206 2750 .
1243 2713 1272 2765 p.
1292 2696 1333 2750 69.

386 2787 434 2869 ’5.
462 2787 504 2840 De
525 2785 627 2840 ceteris
646 2785 832 2840 atticistarum
851 2784 982 2840 subsidiis
1020 2826 1026 2837 .
1064 2825 1070 2838 .
1108 2825 1114 2838 .
1153 2825 1158 2838 .
1198 2827 1204 2838 .
1242 2802 1271 2854 p.
1291 2785 1331 2840 75.

165 2876 308 2932 Conclusio
355 2912 1206 2929 ....................
1243 2890 1273 2942 p.
1292 2874 1333 2929 77.

376 2525 434 2675 ξ3.
462 2609 505 2662 De
524 2607 669 2677 Pamphilo
688 2613 717 2661 et
735 2607 938 2675 Diogeniano.
977 2649 983 2661 .
1021 2647 1027 2660 .
1065 2648 1071 2659 .
1109 2648 1115 2660 .
1154 2649 1159 2659 .
1200 2648 1206 2661 .
1244 2624 1272 2676 p.
1293 2608 1332 2662 65.

376 2702 390 2850 t
