3000 5040
816 270 881 338 240

263 423 520 518 Ἐρετριεῖς),
544 424 591 509 ὣς
613 435 730 517 πολλῷ
753 436 803 516 τῷ
825 440 846 518 ῥ
865 429 903 496 ἐν
924 440 997 508 ταῖς
1015 423 1160 515 ὁμιλίαις
1175 424 1358 515 χρώμενοι.
1385 416 1439 495 διὸ

262 541 319 604 καὶ
342 531 449 619 αύτοὶ,
472 530 564 605 καθὰ
588 541 644 603 καὶ
667 537 700 604 οἱ
722 531 852 619 Ἠλεῖοι,
874 533 1137 625 βαρβαρόφωυοι
1160 534 1367 618 ἐκαλοῦντο,
1391 529 1440 615 σός

264 646 304 712 ἐν
327 643 526 733 ῥητορικῷ
551 637 710 733 εύρηται
734 650 893 731 λεξικῷ,
918 637 972 711 διὰ
995 637 1057 712 τόν
1079 636 1299 729 πλεονασμόν
1316 651 1384 711 τοῦ
1406 654 1436 731 ῥ.

352 754 425 819 385.
462 754 632 820 Eustath.
656 777 685 838 p.
709 753 788 831 932,
811 754 863 819 32.
901 754 1080 841 σημείωσαι
1112 752 1148 818 δὲ
1176 743 1230 819 ότι
1257 744 1367 838 αύχῆν
1395 742 1439 816 ού

236 858 370 944 ιμόυου
394 860 448 927 ἐπὶ
473 857 571 943 ζιόωι·
594 860 737 946 λέγεται,
765 851 851 925 όλλόι
874 862 932 925 καὶ
954 859 1010 926 ἐπὶ
1037 865 1195 946 καρπῶν,
1222 852 1270 938 ὡς
1292 860 1397 947 δηλοῖ
1418 850 1437 923 ὃ

263 960 365 1034 ούτω
388 964 554 1054 γράψας·
579 965 674 1052 ἳσμα
698 969 800 1055 φησὶν
822 961 1050 1055 Ἀριστοτέλης.
1087 962 1305 1053 Θεόφραστος
1329 964 1370 1053 (L
1390 964 1437 1051 3.)

264 1077 300 1142 δὲ
322 1079 449 1161 μόσχου.
475 1074 546 1141 ἐστὶ
570 1075 605 1140 δὲ
629 1068 647 1140 ὃ
672 1067 777 1163 αύχὴν
799 1082 862 1142 τοῦ
884 1082 1018 1162 καρποῦ
1040 1080 1111 1141 τῶν
1135 1065 1350 1160 όκροόρύων.

351 1184 425 1249 386.
458 1183 629 1248 Eustath.
653 1206 682 1267 p.
708 1183 807 1260 1350,
833 1183 882 1248 19.
922 1181 963 1248 ἐν
992 1182 1033 1248 δὲ
1060 1177 1260 1269 ῥητορικῷ
1287 1184 1437 1265 λεξικῷ

261 1287 381 1375 γράφει
409 1281 531 1367 ούτως·
574 1286 736 1376 ἕστωρῑ)
765 1282 868 1378 σφῆυ,
896 1285 1050 1374 ἔμβολος,
1077 1285 1221 1374 γόμφος,
1247 1279 1269 1374 ἢ
1295 1293 1438 1374 πρῶτος

223 1424 249 1462 ro
261 1394 362 1474 τύλος
384 1405 446 1462 τοῦ
469 1393 586 1482 ῥυμοῦ,
609 1389 630 1483 ἢ
652 1399 803 1481 κοὶλωμα
827 1402 937 1482 ζυγοῦ,
960 1385 1061 1479 ύφ’ό
1085 1387 1103 1462 ὃ
1127 1390 1300 1482 τράχηλος.

352 1505 425 1569 387.
458 1505 631 1570 Eustath.
655 1527 684 1588 p.
711 1505 809 1582 1383,
829 1505 881 1569 42.
920 1497 1124 1583 εύνοστος,
1152 1496 1285 1585 φαῦλόν
1311 1516 1437 1583 φασιν

262 1604 467 1697 ἀγαλμάτιον
495 1603 586 1698 παρὰ
610 1622 680 1688 τοῖς
702 1607 852 1698 μήλωσιν
874 1603 909 1698 ἢ,
938 1603 984 1688 ὡς
1012 1609 1053 1676 ἐν
1082 1604 1202 1695 ἑτέρῳ
1230 1604 1437 1695 ῥητορικῷ

262 1722 404 1803 λεξικῷ
418 1730 534 1799 κειται,
551 1713 708 1796 εύυοστος
718 1722 757 1804 1)·
782 1710 863 1796 θεὸς
878 1714 1059 1802 ἐπιμύλιος,
1079 1718 1226 1783 δοκοῦσα
1245 1714 1379 1801 ἐφορᾶν
1393 1706 1436 1780 τό

261 1825 385 1911 μέτρου
407 1833 478 1890 τῶν
502 1818 662 1911 ύλιύρων.
687 1826 725 1891 of.
744 1849 773 1910 p.
795 1827 890 1904 1885,
909 1825 960 1892 25.
984 1824 1070 1910 λέγει
1094 1823 1130 1890 δὲ
1153 1818 1301 1890 νόστου
1325 1815 1345 1889 ὃ
1370 1818 1436 1910 ῥή-

224 1958 249 1997 15
264 1956 341 2017 τωρ
366 1931 515 1998 ἐνταῦθα
544 1926 585 1998 ού
607 1925 669 1998 τὸν
687 1925 863 2020 Ὁμηρικόν
891 1934 947 1998 καὶ
971 1927 1117 2020 συνήθη,
1145 1923 1230 1997 ἄλλό
1256 1953 1336 1997 τινα
1365 1931 1436 1996 δαλ-

264 2063 352 2123 μουα
368 2035 552 2125 ἐπιμύλιου,
573 2036 699 2126 ἔφορον
713 2049 785 2106 τῶν
800 2033 940 2121 όλετοῦυ,
959 2031 996 2118 ὃς
1014 2041 1071 2105 καὶ
1085 2033 1274 2116 εύυοστος
1288 2035 1434 2123 ἐλέγετο.

352 2147 425 2212 388.
457 2148 629 2215 Eustath.
647 2172 676 2233 p.
696 2149 770 2226 904,
786 2149 814 2214 7.
837 2139 929 2233 παρὰ
949 2146 985 2213 δὲ
1003 2138 1042 2213 τό
1062 2142 1192 2233 ἕχμαῑ)
1211 2140 1436 2232 ἒχμάζειν’)

353 2364 372 2431 1)
391 2361 431 2418 of.
455 2364 520 2418 Hes.
544 2357 711 2433 Ἐρετριέων
733 2360 782 2432 ῥῶ.
820 2359 971 2433 Ἐρετριεῖς
992 2365 1033 2434 τῷ
1057 2379 1074 2431 ρ
1101 2354 1272 2431 κατακόρως
1295 2362 1436 2431 χρῶνται.

263 2453 378 2522 Diogen.
398 2454 444 2509 17.
464 2453 515 2518 57,
537 2451 585 2507 ubi
604 2451 666 2506 vide
685 2451 872 2506 Leutschium.
901 2451 1025 2521 Apostol.
1040 2451 1101 2507 VII.
1120 2450 1163 2505 89.
1186 2448 1260 2504 Suid.
1280 2464 1301 2503 a.
1320 2466 1348 2504 v.
1366 2451 1437 2520 χαλ-

263 2542 386 2609 κιύίζειυ.
415 2542 506 2597 Strab.
526 2542 559 2595 X.
579 2559 605 2610 p.
625 2541 685 2595 448.
1284 2608 1288 2615 Ι

307 2633 368 2687 385.
395 2631 491 2688 Naher
514 2631 550 2685 ad
568 2631 646 2685 Phot.
667 2647 687 2684 s.
707 2647 731 2686 v.
752 2623 826 2697 ἕομα
849 2629 941 2684 locum
964 2627 1107 2693 Eustathii
1129 2631 1207 2683 recte
1229 2627 1266 2684 ad
1290 2626 1436 2684 atticiatas

262 2721 379 2776 rettulit.

352 2812 373 2877 ¹)
391 2811 505 2864 Prorsus
523 2809 601 2863 Phot.
621 2806 749 2864 concinit.
768 2807 883 2863 Aristot.
901 2807 935 2862 fr.
956 2808 1017 2863 271.
1035 2807 1097 2864 Vel.
1110 2807 1191 2864 Rose.
1211 2805 1252 2863 Ol.
1268 2806 1336 2862 Hes.
1356 2806 1435 2863 Suid.

263 2917 284 2955 s.
304 2917 328 2953 v.
349 2899 455 2969 μίσχος.

307 2990 368 3043 386.
396 2987 570 3043 Praecedunt
589 2987 715 3042 doctrina
733 2985 891 3041 Aristarchi
909 2985 954 3055 (cl.
973 2985 1039 3041 Hes.
1059 3003 1079 3040 s.
1099 2987 1134 3053 v.)
1152 2990 1182 3040 et
1199 2984 1340 3054 scholion,
1359 2987 1436 3055 quod

263 3077 337 3132 vocis
361 3076 529 3131 derivandae
555 3092 637 3131 eausa
661 3077 807 3145 episcopus
825 3075 947 3130 intexuit
970 3074 1015 3145 (of.
1034 3074 1124 3132 Schol.
1144 3075 1172 3128 Ω
1190 3075 1262 3142 272).
1299 3075 1435 3131 Fortasse

264 3167 348 3220 etiam
367 3165 443 3220 aliud
462 3165 573 3219 lexicon
590 3166 744 3221 adhibitum
764 3171 813 3220 est.

352 3256 373 3321 1)
392 3254 432 3310 cf.
452 3254 517 3308 Hes.
538 3247 656 3324 ἕστορα·
684 3250 717 3309 τὸ
737 3255 936 3320 colluctatori
955 3243 1094 3324 ἅρματος,
1114 3246 1177 3323 ἦτοι
1196 3254 1298 3324 ζυγοῦ,
1323 3246 1399 3310 ἔνθα
1419 3247 1436 3311 ὃ

264 3339 402 3415 τράχηλος
425 3346 483 3398 τῶν
499 3338 596 3398 ἵππου
615 3340 766 3398 ercidetur.
804 3343 921 3409 (Deinde
939 3344 1030 3413 Apoll.
1049 3343 1105 3398 lex.
1124 3345 1195 3398 hom.
1216 3344 1259 3410 77,
1277 3344 1322 3399 32.
1342 3344 1435 3400 Beklr.

265 3433 405 3489 exscribit.
434 3433 504 3488 Tum
523 3433 648 3502 sequitur
666 3433 863 3502 Aristarchus.)
881 3433 950 3489 Poll.
969 3434 990 3487 I.
1010 3433 1071 3488 146.
1089 3432 1134 3488 Et.
1154 3433 1191 3486 M.
1211 3433 1274 3502 383,
1293 3433 1339 3489 24.

307 3525 367 3580 987.
396 3523 464 3578 Loci
486 3523 666 3577 Eustathiani
693 3525 730 3578 ad
754 3524 871 3579 eundem
894 3521 999 3578 iontem
1022 3523 1151 3578 redeunt:
1180 3524 1207 3590 1)
1234 3522 1308 3591 quod
1329 3517 1437 3588 νόστος

263 3620 328 3670 ante
351 3614 471 3683 priorem
494 3613 584 3668 locum
610 3612 776 3683 explicatur,
805 3614 831 3680 2)
862 3614 934 3682 quod
956 3612 1022 3668 Hes.
1042 3629 1063 3667 s.
1082 3629 1106 3667 v.
1127 3604 1262 3676 εύνοστος
1285 3615 1435 3683 utramque

263 3705 382 3774 glossam
401 3703 606 3759 contaminavit.

353 3794 373 3861 ¹)
390 3793 512 3861 Priorem
532 3792 762 3863 significationem
781 3793 853 3847 solus
872 3792 938 3846 Hes.
958 3792 1009 3847 1.1.
1038 3792 1164 3846 Alteram
1184 3786 1334 3857 αύτολεξεί
1351 3807 1435 3863 repe·

264 3884 352 3938 livere
370 3883 449 3937 Phot.
468 3883 513 3938 Et.
528 3883 566 3938 M.
579 3883 640 3949 394,
659 3885 685 3937 3.
710 3881 750 3937 cl.
770 3881 838 3937 Poll.
857 3882 918 3936 VII.
938 3882 998 3936 180.
1017 3881 1094 3936 Eust.
1114 3898 1140 3951 p.
1160 3881 1279 3949 214,18.
1302 3880 1435 3938 Fortasse

266 3972 389 4028 eiusdem
408 3971 522 4041 originis
541 3977 612 4027 sunt.
640 3973 718 4027 Phot.
738 3971 814 4027 Snid.
833 3971 899 4026 Hes.
919 3987 939 4025 s.
960 3988 984 4025 r.
1004 3970 1172 4042 προμολαία.
1201 3971 1270 4025 Poll.
1289 3970 1308 4026 l.
1327 3971 1346 4026 l.

307 4062 368 4117 388.
396 4060 501 4116 Ultima
519 4062 606 4116 nostri
625 4061 679 4117 loci
692 4061 812 4132 repetita
826 4078 853 4131 p.
867 4061 928 4127 998,
942 4061 994 4129 14,
1013 4061 1062 4115 ubi
1081 4054 1230 4131 ὀχμάζειυ·
1250 4057 1283 4114 τὸ
1303 4058 1436 4132 συνέχειν

264 4149 427 4220 explicatur.
447 4152 538 4217 (Gonu.
554 4152 633 4205 Phot.
648 4150 722 4206 Suid.
738 4151 803 4205 Hes.
818 4151 864 4205 Et.
883 4151 921 4206 M.
940 4151 1001 4218 646,
1015 4151 1058 4206 38.
1077 4150 1122 4205 Et.
1142 4149 1212 4205 Gnd.
1231 4149 1350 4217 445,11.
1370 4151 1435 4215 17.).

352 4240 375 4309 1)
393 4240 544 4295 Lemmatis
568 4239 746 4296 Eustathiaui
770 4239 989 4311 explicationem
1012 4243 1124 4295 servant
1146 4239 1211 4295 Hes.
1235 4237 1309 4294 Suid.
1328 4238 1374 4295 Et.
1393 4240 1435 4298 M.

263 4328 324 4395 404,
344 4327 387 4384 19.

353 4417 375 4488 9)
395 4417 476 4474 Gonu.
494 4418 561 4475 Hes.
582 4412 722 4488 ἕγμόζειυ,
742 4411 877 4489 ἔχμασου.
