<?xml version="1.0" encoding="UTF-8"?>
<!DOCTYPE html PUBLIC "-//W3C//DTD XHTML 1.0 Transitional//EN"
    "http://www.w3.org/TR/xhtml1/DTD/xhtml1-transitional.dtd">
<html xmlns="http://www.w3.org/1999/xhtml" xml:lang="en" lang="en">
 <head>
  <title>
</title>
<meta http-equiv="Content-Type" content="text/html;charset=utf-8" />
  <meta name='ocr-system' content='tesseract 3.04.00' />
  <meta name='ocr-capabilities' content='ocr_page ocr_carea ocr_par ocr_line ocrx_word'/>
</head>
<body>
  <div class='ocr_page' id='page_1' title='image "./aeliidionysiiet00pausgoog_0152.png"; bbox 0 0 3000 5040; ppageno 0'>
   <div class='ocr_carea' id='block_1_1' title="bbox 628 235 690 300">
    <p class='ocr_par' dir='ltr' id='par_1_1' title="bbox 628 235 690 300">
     <span class='ocr_line' id='line_1_1' title="bbox 628 235 690 300; baseline 0 0"><span class='ocrx_word' id='word_1_1' title='bbox 628 235 690 300; x_wconf 98' lang='grc'><strong>137</strong></span> 
     </span>
    </p>
   </div>
   <div class='ocr_carea' id='block_1_2' title="bbox 61 384 1358 2510">
    <p class='ocr_par' dir='ltr' id='par_1_2' title="bbox 61 384 1245 679">
     <span class='ocr_line' id='line_1_2' title="bbox 67 384 1245 485; baseline -0.007 -19"><span class='ocrx_word' id='word_1_2' title='bbox 67 397 150 485; x_wconf 80' lang='grc' dir='ltr'><strong><em>ἔχον</em></strong></span> <span class='ocrx_word' id='word_1_3' title='bbox 172 389 323 484; x_wconf 81' lang='grc' dir='ltr'><strong><em>κεφαλὴν</em></strong></span> <span class='ocrx_word' id='word_1_4' title='bbox 345 397 574 482; x_wconf 82' lang='grc' dir='ltr'><strong><em>χεροντοειόῆ,</em></strong></span> <span class='ocrx_word' id='word_1_5' title='bbox 597 387 764 481; x_wconf 84' lang='grc' dir='ltr'><strong><em>πλαστὴν,</em></strong></span> <span class='ocrx_word' id='word_1_6' title='bbox 787 384 952 481; x_wconf 78' lang='grc' dir='ltr'><strong><em>χλυπτῆν,</em></strong></span> <span class='ocrx_word' id='word_1_7' title='bbox 975 394 1032 458; x_wconf 90' lang='grc' dir='ltr'><strong>καὶ</strong></span> <span class='ocrx_word' id='word_1_8' title='bbox 1053 403 1174 478; x_wconf 79' lang='grc' dir='ltr'><strong><em>χεῖρας,</em></strong></span> <span class='ocrx_word' id='word_1_9' title='bbox 1198 385 1245 470; x_wconf 82' lang='grc' dir='ltr'><strong>ὡς</strong></span> 
     </span>
     <span class='ocr_line' id='line_1_3' title="bbox 61 492 1243 592; baseline -0.005 -20"><span class='ocrx_word' id='word_1_10' title='bbox 61 499 188 592; x_wconf 78' lang='grc' dir='ltr'><strong><em>Ἑρμοῦ</em></strong></span> <span class='ocrx_word' id='word_1_11' title='bbox 203 499 429 591; x_wconf 79' lang='grc' dir='ltr'><strong><em>τετραγώνου,</em></strong></span> <span class='ocrx_word' id='word_1_12' title='bbox 448 501 484 585; x_wconf 76' lang='grc' dir='ltr'><strong>ἐξ</strong></span> <span class='ocrx_word' id='word_1_13' title='bbox 502 492 552 568; x_wconf 87' lang='grc' dir='ltr'><strong>ών</strong></span> <span class='ocrx_word' id='word_1_14' title='bbox 571 497 744 588; x_wconf 84' lang='grc' dir='ltr'><strong><em>έκρέματό,</em></strong></span> <span class='ocrx_word' id='word_1_15' title='bbox 763 517 869 588; x_wconf 86' lang='grc' dir='ltr'><strong><em>φησι,</em></strong></span> <span class='ocrx_word' id='word_1_16' title='bbox 888 492 929 566; x_wconf 79' lang='lat' dir='ltr'><strong>cei</strong></span> <span class='ocrx_word' id='word_1_17' title='bbox 948 497 1123 587; x_wconf 80' lang='grc' dir='ltr'><strong><em>νηθόμενα</em></strong></span> <span class='ocrx_word' id='word_1_18' title='bbox 1142 516 1243 566; x_wconf 90' lang='grc' dir='ltr'><strong><em>στυπ-</em></strong></span> 
     </span>
     <span class='ocr_line' id='line_1_4' title="bbox 66 612 618 679; baseline -0.005 0"><span class='ocrx_word' id='word_1_19' title='bbox 66 624 160 679; x_wconf 82' lang='grc' dir='ltr'><strong><em>πεῖα.</em></strong></span> <span class='ocrx_word' id='word_1_20' title='bbox 604 612 618 645; x_wconf 81' lang='grc'><strong>’</strong></span> 
     </span>
    </p>

    <p class='ocr_par' dir='ltr' id='par_1_3' title="bbox 66 710 1358 1977">
     <span class='ocr_line' id='line_1_5' title="bbox 164 710 1245 800; baseline -0.005 -18"><span class='ocrx_word' id='word_1_21' title='bbox 164 718 235 784; x_wconf 91' lang='grc'><strong>107.</strong></span> <span class='ocrx_word' id='word_1_22' title='bbox 267 715 440 783; x_wconf 84' lang='lat' dir='ltr'><strong>Eustath.</strong></span> <span class='ocrx_word' id='word_1_23' title='bbox 464 738 493 800; x_wconf 91' lang='lat' dir='ltr'><strong>p.</strong></span> <span class='ocrx_word' id='word_1_24' title='bbox 517 716 596 792; x_wconf 86' lang='grc'><strong>962,</strong></span> <span class='ocrx_word' id='word_1_25' title='bbox 620 715 662 779; x_wconf 89' lang='grc'><strong>23</strong></span> <span class='ocrx_word' id='word_1_26' title='bbox 686 716 726 779; x_wconf 90' lang='lat' dir='ltr'><strong>de</strong></span> <span class='ocrx_word' id='word_1_27' title='bbox 749 736 824 780; x_wconf 87' lang='lat' dir='ltr'><strong>voce</strong></span> <span class='ocrx_word' id='word_1_28' title='bbox 846 710 1003 800; x_wconf 83' lang='grc' dir='ltr'><strong><em>βουγάιος</em></strong></span> <span class='ocrx_word' id='word_1_29' title='bbox 1026 715 1094 799; x_wconf 83' lang='lat' dir='ltr'><strong>agit</strong></span> <span class='ocrx_word' id='word_1_30' title='bbox 1116 715 1245 797; x_wconf 88' lang='lat' dir='ltr'><strong>eiusque</strong></span> 
     </span>
     <span class='ocr_line' id='line_1_6' title="bbox 68 813 1285 910; baseline -0.008 -19"><span class='ocrx_word' id='word_1_31' title='bbox 68 827 112 891; x_wconf 91' lang='lat' dir='ltr'><strong>de</strong></span> <span class='ocrx_word' id='word_1_32' title='bbox 136 825 327 910; x_wconf 78' lang='lat' dir='ltr'><strong>etymologia</strong></span> <span class='ocrx_word' id='word_1_33' title='bbox 349 845 446 908; x_wconf 84' lang='lat' dir='ltr'><strong>agens</strong></span> <span class='ocrx_word' id='word_1_34' title='bbox 468 823 547 888; x_wconf 88' lang='lat' dir='ltr'><strong>haee</strong></span> <span class='ocrx_word' id='word_1_35' title='bbox 574 823 698 888; x_wconf 89' lang='lat' dir='ltr'><strong>inserit:</strong></span> <span class='ocrx_word' id='word_1_36' title='bbox 731 820 777 899; x_wconf 89' lang='grc' dir='ltr'><strong>είς</strong></span> <span class='ocrx_word' id='word_1_37' title='bbox 801 821 837 887; x_wconf 79' lang='grc' dir='ltr'><strong>δὲ</strong></span> <span class='ocrx_word' id='word_1_38' title='bbox 861 813 901 887; x_wconf 85' lang='grc' dir='ltr'><strong><em>τό</em></strong></span> <span class='ocrx_word' id='word_1_39' title='bbox 926 821 1054 908; x_wconf 77' lang='grc' dir='ltr'><strong><em>ἐφεξῆς,</em></strong></span> <span class='ocrx_word' id='word_1_40' title='bbox 1076 814 1182 908; x_wconf 72' lang='grc' dir='ltr'><strong><em>ἤγουν</em></strong></span> <span class='ocrx_word' id='word_1_41' title='bbox 1205 813 1244 885; x_wconf 86' lang='grc' dir='ltr'><strong><em>τὸ</em></strong></span> <span class='ocrx_word' id='word_1_42' title='bbox 1272 839 1285 879; x_wconf 77' lang='lat' dir='ltr'><strong>s</strong></span> 
     </span>
     <span class='ocr_line' id='line_1_7' title="bbox 66 919 1246 1017; baseline -0.007 -19"><span class='ocrx_word' id='word_1_43' title='bbox 66 929 176 1017; x_wconf 80' lang='grc' dir='ltr'><strong><em>χόλος,</em></strong></span> <span class='ocrx_word' id='word_1_44' title='bbox 198 921 255 997; x_wconf 80' lang='grc' dir='ltr'><strong><em>ὅτε</em></strong></span> <span class='ocrx_word' id='word_1_45' title='bbox 279 921 347 996; x_wconf 83' lang='grc' dir='ltr'><strong>όπὸ</strong></span> <span class='ocrx_word' id='word_1_46' title='bbox 370 937 428 1016; x_wconf 82' lang='grc' dir='ltr'><strong>γῆς</strong></span> <span class='ocrx_word' id='word_1_47' title='bbox 452 920 535 994; x_wconf 76' lang='grc' dir='ltr'><strong><em>αὐτὸ</em></strong></span> <span class='ocrx_word' id='word_1_48' title='bbox 554 935 726 1015; x_wconf 79' lang='grc' dir='ltr'><strong><em>παρῆχθαι</em></strong></span> <span class='ocrx_word' id='word_1_49' title='bbox 746 929 849 1008; x_wconf 81' lang='grc' dir='ltr'><strong><em>δοκεῖ,</em></strong></span> <span class='ocrx_word' id='word_1_50' title='bbox 869 923 1031 1015; x_wconf 83' lang='grc' dir='ltr'><strong><em>χρήσιμον</em></strong></span> <span class='ocrx_word' id='word_1_51' title='bbox 1049 929 1106 992; x_wconf 89' lang='grc' dir='ltr'><strong>καὶ</strong></span> <span class='ocrx_word' id='word_1_52' title='bbox 1124 919 1163 993; x_wconf 85' lang='grc' dir='ltr'><strong><em>τὸ</em></strong></span> <span class='ocrx_word' id='word_1_53' title='bbox 1183 934 1246 993; x_wconf 84' lang='grc' dir='ltr'><strong><em>τοῦ</em></strong></span> 
     </span>
     <span class='ocr_line' id='line_1_8' title="bbox 67 1026 1245 1120; baseline -0.007 -15"><span class='ocrx_word' id='word_1_54' title='bbox 67 1037 216 1105; x_wconf 78' lang='grc' dir='ltr'><strong><em>Αἰλίου</em></strong></span> <span class='ocrx_word' id='word_1_55' title='bbox 229 1032 445 1103; x_wconf 83' lang='grc' dir='ltr'><strong><em>Διονύσιον</em></strong></span> <span class='ocrx_word' id='word_1_56' title='bbox 459 1031 626 1116; x_wconf 80' lang='grc' dir='ltr'><strong><em>εἰπόντος,</em></strong></span> <span class='ocrx_word' id='word_1_57' title='bbox 645 1026 698 1101; x_wconf 88' lang='grc' dir='ltr'><strong><em>ότι</em></strong></span> <span class='ocrx_word' id='word_1_58' title='bbox 715 1031 958 1120; x_wconf 65' lang='grc' dir='ltr'><strong><em>χεώλοφονῑ)</em></strong></span> <span class='ocrx_word' id='word_1_59' title='bbox 978 1032 1011 1100; x_wconf 80' lang='grc' dir='ltr'><strong>οἱ</strong></span> <span class='ocrx_word' id='word_1_60' title='bbox 1028 1035 1168 1100; x_wconf 85' lang='grc' dir='ltr'><strong><em>παλαιοὶ</em></strong></span> <span class='ocrx_word' id='word_1_61' title='bbox 1186 1057 1245 1098; x_wconf 86' lang='grc' dir='ltr'><strong>κα-</strong></span> 
     </span>
     <span class='ocr_line' id='line_1_9' title="bbox 67 1135 1245 1230; baseline -0.006 -18"><span class='ocrx_word' id='word_1_62' title='bbox 67 1150 169 1212; x_wconf 85' lang='grc' dir='ltr'><strong><em>λοῦσι</em></strong></span> <span class='ocrx_word' id='word_1_63' title='bbox 189 1135 253 1210; x_wconf 85' lang='grc' dir='ltr'><strong><em>τόν</em></strong></span> <span class='ocrx_word' id='word_1_64' title='bbox 276 1135 387 1228; x_wconf 78' lang='grc' dir='ltr'><strong><em>παχὺν</em></strong></span> <span class='ocrx_word' id='word_1_65' title='bbox 409 1144 467 1208; x_wconf 90' lang='grc' dir='ltr'><strong>καί</strong></span> <span class='ocrx_word' id='word_1_66' title='bbox 491 1135 700 1230; x_wconf 75' lang='grc' dir='ltr'><strong><em>ἀναίσθητον</em></strong></span> <span class='ocrx_word' id='word_1_67' title='bbox 723 1135 922 1228; x_wconf 78' lang='grc' dir='ltr'><strong><em>ἄνθρωπον,</em></strong></span> <span class='ocrx_word' id='word_1_68' title='bbox 946 1136 1001 1206; x_wconf 77' lang='grc' dir='ltr'><strong>οἶα</strong></span> <span class='ocrx_word' id='word_1_69' title='bbox 1019 1149 1077 1228; x_wconf 85' lang='grc' dir='ltr'><strong><em>τῆς</em></strong></span> <span class='ocrx_word' id='word_1_70' title='bbox 1095 1148 1152 1227; x_wconf 79' lang='grc' dir='ltr'><strong>γῆς</strong></span> <span class='ocrx_word' id='word_1_71' title='bbox 1169 1164 1245 1227; x_wconf 86' lang='grc' dir='ltr'><strong><em>χρη-</em></strong></span> 
     </span>
     <span class='ocr_line' id='line_1_10' title="bbox 69 1239 1245 1336; baseline -0.005 -19"><span class='ocrx_word' id='word_1_72' title='bbox 69 1253 170 1336; x_wconf 86' lang='grc' dir='ltr'><strong><em>σίμου</em></strong></span> <span class='ocrx_word' id='word_1_73' title='bbox 192 1249 396 1336; x_wconf 77' lang='grc' dir='ltr'><strong><em>φαινομένης</em></strong></span> <span class='ocrx_word' id='word_1_74' title='bbox 420 1249 466 1327; x_wconf 90' lang='grc' dir='ltr'><strong>είς</strong></span> <span class='ocrx_word' id='word_1_75' title='bbox 488 1241 530 1314; x_wconf 81' lang='grc' dir='ltr'><strong><em>τὰ</em></strong></span> <span class='ocrx_word' id='word_1_76' title='bbox 553 1254 693 1314; x_wconf 80' lang='grc' dir='ltr'><strong><em>τοιαῦτα</em></strong></span> <span class='ocrx_word' id='word_1_77' title='bbox 718 1245 936 1315; x_wconf 78' lang='grc' dir='ltr'><strong><em>σκώπτεσθαι</em></strong></span> <span class='ocrx_word' id='word_1_78' title='bbox 959 1239 1038 1325; x_wconf 74' lang='grc' dir='ltr'><strong><em>τοὺς</em></strong></span> <span class='ocrx_word' id='word_1_79' title='bbox 1055 1251 1245 1332; x_wconf 86' lang='grc' dir='ltr'><strong><em>μεχαλοσω-</em></strong></span> 
     </span>
     <span class='ocr_line' id='line_1_11' title="bbox 67 1347 1358 1444; baseline -0.008 -20"><span class='ocrx_word' id='word_1_80' title='bbox 67 1354 208 1444; x_wconf 89' lang='grc' dir='ltr'><strong><em>μάτους,</em></strong></span> <span class='ocrx_word' id='word_1_81' title='bbox 227 1355 255 1422; x_wconf 89' lang='grc' dir='ltr'><strong>εί</strong></span> <span class='ocrx_word' id='word_1_82' title='bbox 269 1358 326 1422; x_wconf 78' lang='grc' dir='ltr'><strong>καὶ</strong></span> <span class='ocrx_word' id='word_1_83' title='bbox 341 1358 464 1423; x_wconf 90' lang='grc' dir='ltr'><strong><em>πολλοὶ</em></strong></span> <span class='ocrx_word' id='word_1_84' title='bbox 482 1348 522 1422; x_wconf 85' lang='grc' dir='ltr'><strong><em>τό</em></strong></span> <span class='ocrx_word' id='word_1_85' title='bbox 542 1347 680 1442; x_wconf 80' lang='grc' dir='ltr'><strong><em>ἐνεργόν</em></strong></span> <span class='ocrx_word' id='word_1_86' title='bbox 700 1350 810 1432; x_wconf 85' lang='grc' dir='ltr'><strong><em>όλλως</em></strong></span> <span class='ocrx_word' id='word_1_87' title='bbox 825 1352 967 1440; x_wconf 84' lang='grc' dir='ltr'><strong><em>έχουσιν.</em></strong></span> <span class='ocrx_word' id='word_1_88' title='bbox 992 1355 1050 1420; x_wconf 84' lang='lat' dir='ltr'><strong>oui</strong></span> <span class='ocrx_word' id='word_1_89' title='bbox 1067 1355 1137 1420; x_wconf 89' lang='lat' dir='ltr'><strong>loco</strong></span> <span class='ocrx_word' id='word_1_90' title='bbox 1156 1356 1189 1417; x_wconf 90' lang='lat' dir='ltr'><strong>in</strong></span> <span class='ocrx_word' id='word_1_91' title='bbox 1208 1354 1245 1420; x_wconf 82' lang='grc' dir='ltr'><strong>Α.</strong></span> <span class='ocrx_word' id='word_1_92' title='bbox 1259 1374 1286 1414; x_wconf 83' lang='lat' dir='ltr'><strong>ro</strong></span> <span class='ocrx_word' id='word_1_93' title='bbox 1354 1360 1358 1383; x_wconf 71' lang='lat'>⁸</span> 
     </span>
     <span class='ocr_line' id='line_1_12' title="bbox 68 1462 1244 1549; baseline -0.003 -19"><span class='ocrx_word' id='word_1_94' title='bbox 68 1465 216 1549; x_wconf 84' lang='lat' dir='ltr'><strong>Dionysii</strong></span> <span class='ocrx_word' id='word_1_95' title='bbox 243 1464 345 1530; x_wconf 83' lang='lat' dir='ltr'><strong>lexico</strong></span> <span class='ocrx_word' id='word_1_96' title='bbox 373 1465 452 1529; x_wconf 89' lang='lat' dir='ltr'><strong>haee</strong></span> <span class='ocrx_word' id='word_1_97' title='bbox 478 1463 685 1548; x_wconf 80' lang='lat' dir='ltr'><strong>praecessisse</strong></span> <span class='ocrx_word' id='word_1_98' title='bbox 713 1469 806 1546; x_wconf 86' lang='lat' dir='ltr'><strong>puto:</strong></span> <span class='ocrx_word' id='word_1_99' title='bbox 839 1462 958 1527; x_wconf 87' lang='lat' dir='ltr'><strong>Schol.</strong></span> <span class='ocrx_word' id='word_1_100' title='bbox 978 1462 1129 1527; x_wconf 89' lang='lat' dir='ltr'><strong>Theocr.</strong></span> <span class='ocrx_word' id='word_1_101' title='bbox 1149 1462 1171 1524; x_wconf 93' lang='grc' dir='ltr'><strong>Ι.</strong></span> <span class='ocrx_word' id='word_1_102' title='bbox 1198 1462 1244 1527; x_wconf 87' lang='grc'><strong>12.</strong></span> 
     </span>
     <span class='ocr_line' id='line_1_13' title="bbox 66 1559 1245 1656; baseline -0.003 -20"><span class='ocrx_word' id='word_1_103' title='bbox 66 1567 250 1656; x_wconf 74' lang='grc' dir='ltr'><strong><em>γεώλοφον</em></strong></span> <span class='ocrx_word' id='word_1_104' title='bbox 283 1569 318 1635; x_wconf 77' lang='grc' dir='ltr'><strong>δὲ</strong></span> <span class='ocrx_word' id='word_1_105' title='bbox 350 1562 369 1635; x_wconf 87' lang='grc' dir='ltr'><strong><em>ό</em></strong></span> <span class='ocrx_word' id='word_1_106' title='bbox 397 1568 434 1635; x_wconf 79' lang='grc' dir='ltr'><strong>ἐν</strong></span> <span class='ocrx_word' id='word_1_107' title='bbox 461 1576 511 1655; x_wconf 78' lang='grc' dir='ltr'><strong><em>τῷ</em></strong></span> <span class='ocrx_word' id='word_1_108' title='bbox 540 1561 656 1655; x_wconf 81' lang='grc' dir='ltr'><strong><em>όμαλρό</em></strong></span> <span class='ocrx_word' id='word_1_109' title='bbox 687 1569 794 1654; x_wconf 81' lang='grc' dir='ltr'><strong><em>πεδίῳ</em></strong></span> <span class='ocrx_word' id='word_1_110' title='bbox 823 1559 1102 1654; x_wconf 74' lang='grc' dir='ltr'><strong><em>ίπερανεστηκώς</em></strong></span> <span class='ocrx_word' id='word_1_111' title='bbox 1130 1560 1245 1651; x_wconf 78' lang='grc' dir='ltr'><strong><em>όχθος,</em></strong></span> 
     </span>
     <span class='ocr_line' id='line_1_14' title="bbox 70 1667 1244 1762; baseline -0.005 -18"><span class='ocrx_word' id='word_1_112' title='bbox 70 1669 111 1756; x_wconf 76' lang='grc' dir='ltr'><strong>ὃς</strong></span> <span class='ocrx_word' id='word_1_113' title='bbox 133 1679 191 1743; x_wconf 88' lang='grc' dir='ltr'><strong>καὶ</strong></span> <span class='ocrx_word' id='word_1_114' title='bbox 209 1668 363 1754; x_wconf 84' lang='grc' dir='ltr'><strong><em>κολωνός</em></strong></span> <span class='ocrx_word' id='word_1_115' title='bbox 381 1682 544 1742; x_wconf 81' lang='grc' dir='ltr'><strong><em>καλειται·</em></strong></span> <span class='ocrx_word' id='word_1_116' title='bbox 568 1676 655 1762; x_wconf 81' lang='grc' dir='ltr'><strong><em>λέγει</em></strong></span> <span class='ocrx_word' id='word_1_117' title='bbox 684 1676 721 1742; x_wconf 80' lang='grc' dir='ltr'><strong>δὲ</strong></span> <span class='ocrx_word' id='word_1_118' title='bbox 748 1670 957 1752; x_wconf 84' lang='grc' dir='ltr'><strong><em>Διονύσιος</em></strong></span> <span class='ocrx_word' id='word_1_119' title='bbox 985 1667 1244 1759; x_wconf 80' lang='grc' dir='ltr'><strong><em>όἈλιιιαρνα-</em></strong></span> 
     </span>
     <span class='ocr_line' id='line_1_15' title="bbox 69 1773 1244 1869; baseline -0.003 -18"><span class='ocrx_word' id='word_1_120' title='bbox 69 1780 177 1865; x_wconf 70' lang='lat' dir='ltr'><strong>oeric,</strong></span> <span class='ocrx_word' id='word_1_121' title='bbox 205 1775 258 1850; x_wconf 81' lang='grc' dir='ltr'><strong><em>ὅτι</em></strong></span> <span class='ocrx_word' id='word_1_122' title='bbox 279 1778 455 1869; x_wconf 87' lang='grc' dir='ltr'><strong><em>χεώλοφός</em></strong></span> <span class='ocrx_word' id='word_1_123' title='bbox 479 1782 569 1849; x_wconf 81' lang='grc' dir='ltr'><strong><em>ἐστιν</em></strong></span> <span class='ocrx_word' id='word_1_124' title='bbox 593 1776 611 1848; x_wconf 88' lang='grc' dir='ltr'><strong><em>ό</em></strong></span> <span class='ocrx_word' id='word_1_125' title='bbox 637 1775 764 1869; x_wconf 72' lang='grc' dir='ltr'><strong><em>ὑψηλός</em></strong></span> <span class='ocrx_word' id='word_1_126' title='bbox 785 1777 902 1862; x_wconf 84' lang='grc' dir='ltr'><strong><em>τόπος,</em></strong></span> <span class='ocrx_word' id='word_1_127' title='bbox 925 1773 1140 1867; x_wconf 49' lang='grc' dir='ltr'><strong><em>κολωνόςῗ)</em></strong></span> <span class='ocrx_word' id='word_1_128' title='bbox 1165 1781 1201 1848; x_wconf 80' lang='grc' dir='ltr'><strong>δὲ</strong></span> <span class='ocrx_word' id='word_1_129' title='bbox 1226 1775 1244 1847; x_wconf 86' lang='grc' dir='ltr'><strong><em>ό</em></strong></span> 
     </span>
     <span class='ocr_line' id='line_1_16' title="bbox 67 1881 1285 1977; baseline -0.004 -19"><span class='ocrx_word' id='word_1_130' title='bbox 67 1890 227 1977; x_wconf 85' lang='grc' dir='ltr'><strong><em>προέχων</em></strong></span> <span class='ocrx_word' id='word_1_131' title='bbox 250 1881 318 1956; x_wconf 80' lang='grc' dir='ltr'><strong>ἀπὸ</strong></span> <span class='ocrx_word' id='word_1_132' title='bbox 341 1896 401 1976; x_wconf 85' lang='grc' dir='ltr'><strong><em>τῆς</em></strong></span> <span class='ocrx_word' id='word_1_133' title='bbox 421 1895 480 1976; x_wconf 79' lang='grc' dir='ltr'><strong>γῆς</strong></span> <span class='ocrx_word' id='word_1_134' title='bbox 501 1884 632 1975; x_wconf 90' lang='grc' dir='ltr'><strong><em>μικρόν.</em></strong></span> <span class='ocrx_word' id='word_1_135' title='bbox 1259 1905 1285 1944; x_wconf 80' lang='lat'><strong>15</strong></span> 
     </span>
    </p>

    <p class='ocr_par' dir='ltr' id='par_1_4' title="bbox 67 1985 1286 2510">
     <span class='ocr_line' id='line_1_17' title="bbox 163 1985 1246 2082; baseline -0.001 -19"><span class='ocrx_word' id='word_1_136' title='bbox 163 1998 235 2064; x_wconf 83' lang='lat'><strong>108.</strong></span> <span class='ocrx_word' id='word_1_137' title='bbox 267 1996 440 2062; x_wconf 87' lang='lat' dir='ltr'><strong>Eustath.</strong></span> <span class='ocrx_word' id='word_1_138' title='bbox 460 2020 490 2080; x_wconf 94' lang='lat' dir='ltr'><strong>p.</strong></span> <span class='ocrx_word' id='word_1_139' title='bbox 512 1997 612 2074; x_wconf 88' lang='grc'><strong><em>1880,</em></strong></span> <span class='ocrx_word' id='word_1_140' title='bbox 632 1998 683 2062; x_wconf 89' lang='grc'><strong>61.</strong></span> <span class='ocrx_word' id='word_1_141' title='bbox 722 1992 771 2061; x_wconf 81' lang='grc' dir='ltr'><strong><em>έτι</em></strong></span> <span class='ocrx_word' id='word_1_142' title='bbox 799 1995 912 2062; x_wconf 84' lang='grc' dir='ltr'><strong><em>ἰστέον</em></strong></span> <span class='ocrx_word' id='word_1_143' title='bbox 940 1997 997 2061; x_wconf 87' lang='grc' dir='ltr'><strong>καὶ</strong></span> <span class='ocrx_word' id='word_1_144' title='bbox 1024 1985 1078 2061; x_wconf 88' lang='grc' dir='ltr'><strong><em>ότι</em></strong></span> <span class='ocrx_word' id='word_1_145' title='bbox 1104 1987 1246 2082; x_wconf 27' lang='grc' dir='ltr'><strong><em>τόνψγυ-</em></strong></span> 
     </span>
     <span class='ocr_line' id='line_1_18' title="bbox 67 2094 1246 2188; baseline -0.003 -17"><span class='ocrx_word' id='word_1_146' title='bbox 67 2115 222 2172; x_wconf 87' lang='grc' dir='ltr'><strong><em>ναικεῑον</em></strong></span> <span class='ocrx_word' id='word_1_147' title='bbox 243 2102 353 2188; x_wconf 85' lang='grc' dir='ltr'><strong><em>γέλων</em></strong></span> <span class='ocrx_word' id='word_1_148' title='bbox 375 2094 619 2188; x_wconf 69' lang='grc' dir='ltr'><strong><em>κιχλισμόνῙ)</em></strong></span> <span class='ocrx_word' id='word_1_149' title='bbox 643 2098 787 2168; x_wconf 77' lang='grc' dir='ltr'><strong><em>ἐκάλουν</em></strong></span> <span class='ocrx_word' id='word_1_150' title='bbox 811 2099 844 2169; x_wconf 82' lang='grc' dir='ltr'><strong>οἱ</strong></span> <span class='ocrx_word' id='word_1_151' title='bbox 866 2104 1021 2183; x_wconf 87' lang='grc' dir='ltr'><strong><em>παλαιοὶ,</em></strong></span> <span class='ocrx_word' id='word_1_152' title='bbox 1049 2095 1170 2180; x_wconf 86' lang='grc' dir='ltr'><strong><em>όπολός</em></strong></span> <span class='ocrx_word' id='word_1_153' title='bbox 1195 2127 1246 2185; x_wconf 88' lang='grc' dir='ltr'><strong><em>τις</em></strong></span> 
     </span>
     <span class='ocr_line' id='line_1_19' title="bbox 67 2200 1245 2297; baseline -0.003 -20"><span class='ocrx_word' id='word_1_154' title='bbox 67 2212 129 2278; x_wconf 84' lang='grc' dir='ltr'><strong>καὶ</strong></span> <span class='ocrx_word' id='word_1_155' title='bbox 156 2205 232 2297; x_wconf 77' lang='grc' dir='ltr'><strong><em>ἄρτι</em></strong></span> <span class='ocrx_word' id='word_1_156' title='bbox 260 2202 279 2276; x_wconf 86' lang='grc' dir='ltr'><strong><em>ό</em></strong></span> <span class='ocrx_word' id='word_1_157' title='bbox 309 2204 475 2286; x_wconf 82' lang='grc' dir='ltr'><strong><em>δουλικός.</em></strong></span> <span class='ocrx_word' id='word_1_158' title='bbox 509 2206 542 2275; x_wconf 77' lang='grc' dir='ltr'><strong>οἱ</strong></span> <span class='ocrx_word' id='word_1_159' title='bbox 571 2200 604 2274; x_wconf 80' lang='grc' dir='ltr'><strong>δ’</strong></span> <span class='ocrx_word' id='word_1_160' title='bbox 629 2201 725 2274; x_wconf 87' lang='grc' dir='ltr'><strong><em>οώτοὶ</em></strong></span> <span class='ocrx_word' id='word_1_161' title='bbox 754 2210 811 2274; x_wconf 83' lang='grc' dir='ltr'><strong>καί</strong></span> <span class='ocrx_word' id='word_1_162' title='bbox 835 2204 998 2296; x_wconf 50' lang='grc' dir='ltr'><strong><em>χύτρανῖ)</em></strong></span> <span class='ocrx_word' id='word_1_163' title='bbox 1028 2209 1061 2296; x_wconf 90' lang='lat' dir='ltr'><strong>(l.</strong></span> <span class='ocrx_word' id='word_1_164' title='bbox 1082 2205 1245 2297; x_wconf 88' lang='grc' dir='ltr'><strong><em>χύτρον)</em></strong></span> 
     </span>
     <span class='ocr_line' id='line_1_20' title="bbox 68 2307 1244 2404; baseline -0.003 -21"><span class='ocrx_word' id='word_1_165' title='bbox 68 2314 189 2404; x_wconf 77' lang='grc' dir='ltr'><strong><em>ἔλεγον</em></strong></span> <span class='ocrx_word' id='word_1_166' title='bbox 212 2312 300 2394; x_wconf 78' lang='grc' dir='ltr'><strong><em>εἶδός</em></strong></span> <span class='ocrx_word' id='word_1_167' title='bbox 322 2338 355 2380; x_wconf 91' lang='grc' dir='ltr'><strong><em>τι</em></strong></span> <span class='ocrx_word' id='word_1_168' title='bbox 378 2311 564 2402; x_wconf 76' lang='grc' dir='ltr'><strong><em>φιλήματος</em></strong></span> <span class='ocrx_word' id='word_1_169' title='bbox 586 2307 680 2381; x_wconf 76' lang='grc' dir='ltr'><strong><em>καθὰ</em></strong></span> <span class='ocrx_word' id='word_1_170' title='bbox 702 2317 798 2396; x_wconf 69' lang='grc' dir='ltr'><strong>καί)</strong></span> <span class='ocrx_word' id='word_1_171' title='bbox 823 2311 1058 2402; x_wconf 58' lang='grc' dir='ltr'><strong><em>δροίπετονθ)</em></strong></span> <span class='ocrx_word' id='word_1_172' title='bbox 1078 2317 1135 2380; x_wconf 87' lang='grc' dir='ltr'><strong>καὶ</strong></span> <span class='ocrx_word' id='word_1_173' title='bbox 1152 2339 1244 2380; x_wconf 91' lang='grc' dir='ltr'><strong><em>παι-</em></strong></span> 
     </span>
     <span class='ocr_line' id='line_1_21' title="bbox 69 2413 1286 2510; baseline -0.003 -20"><span class='ocrx_word' id='word_1_174' title='bbox 69 2419 259 2510; x_wconf 55' lang='grc' dir='ltr'><strong>δάριονί).</strong></span> <span class='ocrx_word' id='word_1_175' title='bbox 282 2424 513 2500; x_wconf 78' lang='grc' dir='ltr'><strong><em>Παυσανίας</em></strong></span> <span class='ocrx_word' id='word_1_176' title='bbox 536 2421 572 2488; x_wconf 79' lang='grc' dir='ltr'><strong>δὲ</strong></span> <span class='ocrx_word' id='word_1_177' title='bbox 596 2423 653 2487; x_wconf 86' lang='grc' dir='ltr'><strong>καὶ</strong></span> <span class='ocrx_word' id='word_1_178' title='bbox 675 2413 942 2510; x_wconf 61' lang='grc' dir='ltr'><strong><em>χιγχλισμόνῡ)</em></strong></span> <span class='ocrx_word' id='word_1_179' title='bbox 965 2429 1062 2506; x_wconf 84' lang='grc' dir='ltr'><strong><em>γένος</em></strong></span> <span class='ocrx_word' id='word_1_180' title='bbox 1084 2421 1172 2507; x_wconf 83' lang='grc' dir='ltr'><strong><em>λέγει</em></strong></span> <span class='ocrx_word' id='word_1_181' title='bbox 1189 2446 1244 2504; x_wconf 94' lang='grc' dir='ltr'><strong>φι-</strong></span> <span class='ocrx_word' id='word_1_182' title='bbox 1259 2438 1286 2477; x_wconf 80' lang='lat'><strong>20</strong></span> 
     </span>
    </p>
   </div>
   <div class='ocr_carea' id='block_1_3' title="bbox 69 2661 1302 4251">
    <p class='ocr_par' dir='ltr' id='par_1_5' title="bbox 69 2661 1302 4251">
     <span class='ocr_line' id='line_1_22' title="bbox 69 2661 1245 2744; baseline 0 -17"><span class='ocrx_word' id='word_1_183' title='bbox 69 2691 124 2727; x_wconf 88' lang='grc' dir='ltr'><strong>νου</strong></span> <span class='ocrx_word' id='word_1_184' title='bbox 143 2664 218 2742; x_wconf 82' lang='grc' dir='ltr'><strong><em>έχον,</em></strong></span> <span class='ocrx_word' id='word_1_185' title='bbox 239 2661 262 2744; x_wconf 80' lang='grc' dir='ltr'><em>ᾦ</em></span> <span class='ocrx_word' id='word_1_186' title='bbox 282 2668 415 2742; x_wconf 81' lang='grc' dir='ltr'><strong><em>γέροντος</em></strong></span> <span class='ocrx_word' id='word_1_187' title='bbox 434 2661 469 2739; x_wconf 80' lang='grc' dir='ltr'><strong>ἦν</strong></span> <span class='ocrx_word' id='word_1_188' title='bbox 488 2666 659 2742; x_wconf 84' lang='grc' dir='ltr'><strong><em>πρόσωπον,</em></strong></span> <span class='ocrx_word' id='word_1_189' title='bbox 685 2665 737 2738; x_wconf 75' lang='grc' dir='ltr'><strong>ἀφ’</strong></span> <span class='ocrx_word' id='word_1_190' title='bbox 759 2661 792 2726; x_wconf 85' lang='grc' dir='ltr'><strong>οὗ</strong></span> <span class='ocrx_word' id='word_1_191' title='bbox 811 2673 860 2725; x_wconf 84' lang='grc' dir='ltr'><strong>καὶ</strong></span> <span class='ocrx_word' id='word_1_192' title='bbox 878 2662 1012 2737; x_wconf 85' lang='grc' dir='ltr'><strong><em>τοόνομα.</em></strong></span> <span class='ocrx_word' id='word_1_193' title='bbox 1041 2672 1121 2740; x_wconf 85' lang='lat' dir='ltr'><strong>Sequ.</strong></span> <span class='ocrx_word' id='word_1_194' title='bbox 1141 2673 1245 2727; x_wconf 91' lang='lat' dir='ltr'><strong>Phere-</strong></span> 
     </span>
     <span class='ocr_line' id='line_1_23' title="bbox 70 2759 1302 2828; baseline -0.003 -11"><span class='ocrx_word' id='word_1_195' title='bbox 70 2761 159 2817; x_wconf 78' lang='lat' dir='ltr'><strong>cratio</strong></span> <span class='ocrx_word' id='word_1_196' title='bbox 178 2759 211 2815; x_wconf 77' lang='lat' dir='ltr'><strong>fr.</strong></span> <span class='ocrx_word' id='word_1_197' title='bbox 233 2761 292 2816; x_wconf 87' lang='lat'><strong>114.</strong></span> <span class='ocrx_word' id='word_1_198' title='bbox 312 2761 399 2816; x_wconf 89' lang='lat' dir='ltr'><strong>Kock.</strong></span> <span class='ocrx_word' id='word_1_199' title='bbox 420 2761 631 2828; x_wconf 84' lang='grc' dir='ltr'><strong>(Ρο]1.Χ.176).</strong></span> <span class='ocrx_word' id='word_1_200' title='bbox 660 2761 734 2815; x_wconf 84' lang='lat' dir='ltr'><strong>Fons</strong></span> <span class='ocrx_word' id='word_1_201' title='bbox 753 2760 916 2824; x_wconf 77' lang='lat' dir='ltr'><strong>Pausaniae,</strong></span> <span class='ocrx_word' id='word_1_202' title='bbox 937 2775 998 2814; x_wconf 90' lang='lat' dir='ltr'><strong>cum</strong></span> <span class='ocrx_word' id='word_1_203' title='bbox 1016 2759 1091 2828; x_wconf 91' lang='lat' dir='ltr'><strong>apud</strong></span> <span class='ocrx_word' id='word_1_204' title='bbox 1109 2760 1177 2814; x_wconf 90' lang='lat' dir='ltr'><strong>Poll.</strong></span> <span class='ocrx_word' id='word_1_205' title='bbox 1191 2760 1209 2813; x_wconf 91' lang='lat'><strong>1.</strong></span> <span class='ocrx_word' id='word_1_206' title='bbox 1224 2760 1242 2815; x_wconf 93' lang='lat' dir='ltr'><strong>l.</strong></span> <span class='ocrx_word' id='word_1_207' title='bbox 1301 2803 1302 2806; x_wconf 39' lang='lat'><strong>.</strong></span> 
     </span>
     <span class='ocr_line' id='line_1_24' title="bbox 69 2844 1245 2920; baseline 0 -16"><span class='ocrx_word' id='word_1_208' title='bbox 69 2851 166 2920; x_wconf 88' lang='lat' dir='ltr'><strong>paullo</strong></span> <span class='ocrx_word' id='word_1_209' title='bbox 184 2848 259 2904; x_wconf 87' lang='lat' dir='ltr'><strong>infra</strong></span> <span class='ocrx_word' id='word_1_210' title='bbox 277 2844 419 2919; x_wconf 79' lang='grc' dir='ltr'><strong><em>ἀμόργινα</em></strong></span> <span class='ocrx_word' id='word_1_211' title='bbox 438 2848 482 2915; x_wconf 84' lang='lat' dir='ltr'><strong>(cf.</strong></span> <span class='ocrx_word' id='word_1_212' title='bbox 498 2848 533 2903; x_wconf 89' lang='lat' dir='ltr'><strong>fr.</strong></span> <span class='ocrx_word' id='word_1_213' title='bbox 547 2850 593 2918; x_wconf 87' lang='grc'><strong>47)</strong></span> <span class='ocrx_word' id='word_1_214' title='bbox 611 2850 781 2919; x_wconf 81' lang='lat' dir='ltr'><strong>explicetur,</strong></span> <span class='ocrx_word' id='word_1_215' title='bbox 800 2850 829 2904; x_wconf 92' lang='lat' dir='ltr'><strong>ui</strong></span> <span class='ocrx_word' id='word_1_216' title='bbox 848 2848 943 2917; x_wconf 87' lang='lat' dir='ltr'><strong>fallor,</strong></span> <span class='ocrx_word' id='word_1_217' title='bbox 963 2865 1026 2904; x_wconf 89' lang='lat' dir='ltr'><strong>cum</strong></span> <span class='ocrx_word' id='word_1_218' title='bbox 1039 2849 1152 2904; x_wconf 85' lang='lat' dir='ltr'><strong>Polluce</strong></span> <span class='ocrx_word' id='word_1_219' title='bbox 1171 2865 1245 2904; x_wconf 89' lang='lat' dir='ltr'><strong>com-</strong></span> 
     </span>
     <span class='ocr_line' id='line_1_25' title="bbox 69 2937 496 3008; baseline -0.002 -15"><span class='ocrx_word' id='word_1_220' title='bbox 69 2939 162 2993; x_wconf 88' lang='lat' dir='ltr'><strong>munis</strong></span> <span class='ocrx_word' id='word_1_221' title='bbox 181 2937 243 3008; x_wconf 86' lang='lat' dir='ltr'><strong>fuit,</strong></span> <span class='ocrx_word' id='word_1_222' title='bbox 263 2937 297 2993; x_wconf 86' lang='lat' dir='ltr'><strong>cf.</strong></span> <span class='ocrx_word' id='word_1_223' title='bbox 317 2939 387 2992; x_wconf 91' lang='lat' dir='ltr'><strong>Prol.</strong></span> <span class='ocrx_word' id='word_1_224' title='bbox 407 2955 434 3008; x_wconf 85' lang='lat' dir='ltr'><strong>p.</strong></span> <span class='ocrx_word' id='word_1_225' title='bbox 454 2940 496 2993; x_wconf 88' lang='lat'><strong>63.</strong></span> 
     </span>
     <span class='ocr_line' id='line_1_26' title="bbox 118 3023 1244 3098; baseline -0.001 -17"><span class='ocrx_word' id='word_1_226' title='bbox 118 3027 179 3082; x_wconf 95' lang='grc'><strong>107.</strong></span> <span class='ocrx_word' id='word_1_227' title='bbox 199 3027 221 3096; x_wconf 87' lang='lat'><strong>¹)</strong></span> <span class='ocrx_word' id='word_1_228' title='bbox 244 3027 369 3096; x_wconf 87' lang='lat' dir='ltr'><strong>Utraque</strong></span> <span class='ocrx_word' id='word_1_229' title='bbox 392 3026 485 3096; x_wconf 82' lang='lat' dir='ltr'><strong>glossa</strong></span> <span class='ocrx_word' id='word_1_230' title='bbox 503 3029 577 3096; x_wconf 87' lang='lat' dir='ltr'><strong>apud</strong></span> <span class='ocrx_word' id='word_1_231' title='bbox 599 3028 644 3082; x_wconf 89' lang='lat' dir='ltr'><strong>Et.</strong></span> <span class='ocrx_word' id='word_1_232' title='bbox 663 3027 701 3082; x_wconf 92' lang='lat' dir='ltr'><strong>M.</strong></span> <span class='ocrx_word' id='word_1_233' title='bbox 721 3028 787 3092; x_wconf 90' lang='grc'><strong>222,</strong></span> <span class='ocrx_word' id='word_1_234' title='bbox 806 3028 854 3092; x_wconf 87' lang='grc'><strong>49,</strong></span> <span class='ocrx_word' id='word_1_235' title='bbox 879 3023 912 3081; x_wconf 77' lang='grc' dir='ltr'><strong>ἐκ</strong></span> <span class='ocrx_word' id='word_1_236' title='bbox 935 3028 987 3082; x_wconf 87' lang='grc' dir='ltr'><strong><em>τοῦ</em></strong></span> <span class='ocrx_word' id='word_1_237' title='bbox 1010 3024 1176 3098; x_wconf 81' lang='grc' dir='ltr'><strong><em>ῥητορικοῦ,</em></strong></span> <span class='ocrx_word' id='word_1_238' title='bbox 1200 3026 1244 3093; x_wconf 88' lang='lat' dir='ltr'><strong>(cf.</strong></span> 
     </span>
     <span class='ocr_line' id='line_1_27' title="bbox 70 3110 1245 3186; baseline -0.001 -16"><span class='ocrx_word' id='word_1_239' title='bbox 70 3115 198 3186; x_wconf 86' lang='lat' dir='ltr'><strong>Heyden.</strong></span> <span class='ocrx_word' id='word_1_240' title='bbox 217 3131 244 3184; x_wconf 90' lang='lat' dir='ltr'><strong>p.</strong></span> <span class='ocrx_word' id='word_1_241' title='bbox 258 3116 329 3182; x_wconf 90' lang='grc'><strong>207.)</strong></span> <span class='ocrx_word' id='word_1_242' title='bbox 349 3121 378 3169; x_wconf 90' lang='lat' dir='ltr'><strong>et</strong></span> <span class='ocrx_word' id='word_1_243' title='bbox 390 3115 464 3170; x_wconf 87' lang='lat' dir='ltr'><strong>Suid.</strong></span> <span class='ocrx_word' id='word_1_244' title='bbox 480 3117 578 3170; x_wconf 89' lang='lat' dir='ltr'><strong>Altera</strong></span> <span class='ocrx_word' id='word_1_245' title='bbox 597 3115 625 3169; x_wconf 90' lang='lat' dir='ltr'><strong>in</strong></span> <span class='ocrx_word' id='word_1_246' title='bbox 640 3116 694 3170; x_wconf 88' lang='lat' dir='ltr'><strong>lex.</strong></span> <span class='ocrx_word' id='word_1_247' title='bbox 710 3117 823 3170; x_wconf 87' lang='lat' dir='ltr'><strong>Bechm.</strong></span> <span class='ocrx_word' id='word_1_248' title='bbox 837 3115 898 3184; x_wconf 87' lang='lat'>185,</span> <span class='ocrx_word' id='word_1_249' title='bbox 913 3117 938 3171; x_wconf 90' lang='grc'><strong>2.</strong></span> <span class='ocrx_word' id='word_1_250' title='bbox 957 3116 1022 3170; x_wconf 91' lang='lat' dir='ltr'><strong>Hes.</strong></span> <span class='ocrx_word' id='word_1_251' title='bbox 1037 3132 1057 3170; x_wconf 86' lang='lat' dir='ltr'><strong>s.</strong></span> <span class='ocrx_word' id='word_1_252' title='bbox 1072 3134 1096 3170; x_wconf 89' lang='lat' dir='ltr'><strong>v.</strong></span> <span class='ocrx_word' id='word_1_253' title='bbox 1110 3110 1245 3186; x_wconf 84' lang='grc' dir='ltr'><strong><em>χεόλοφοι.</em></strong></span> 
     </span>
     <span class='ocr_line' id='line_1_28' title="bbox 162 3204 404 3273; baseline -0.008 -15"><span class='ocrx_word' id='word_1_254' title='bbox 162 3204 184 3273; x_wconf 73' lang='lat'><strong>²)</strong></span> <span class='ocrx_word' id='word_1_255' title='bbox 202 3204 280 3258; x_wconf 78' lang='lat' dir='ltr'><strong>Euat.</strong></span> <span class='ocrx_word' id='word_1_256' title='bbox 299 3204 360 3269; x_wconf 82' lang='lat'><strong>351,</strong></span> <span class='ocrx_word' id='word_1_257' title='bbox 380 3204 404 3257; x_wconf 86' lang='lat'><strong>4.</strong></span> 
     </span>
     <span class='ocr_line' id='line_1_29' title="bbox 118 3291 1245 3364; baseline 0.002 -16"><span class='ocrx_word' id='word_1_258' title='bbox 118 3292 178 3348; x_wconf 89' lang='grc'><strong>108.</strong></span> <span class='ocrx_word' id='word_1_259' title='bbox 200 3292 220 3363; x_wconf 89' lang='lat'><strong>¹)</strong></span> <span class='ocrx_word' id='word_1_260' title='bbox 244 3291 353 3347; x_wconf 80' lang='lat' dir='ltr'><strong>Similia</strong></span> <span class='ocrx_word' id='word_1_261' title='bbox 376 3293 453 3348; x_wconf 89' lang='lat' dir='ltr'><strong>Phot.</strong></span> <span class='ocrx_word' id='word_1_262' title='bbox 473 3291 549 3348; x_wconf 86' lang='lat' dir='ltr'><strong>Suid.</strong></span> <span class='ocrx_word' id='word_1_263' title='bbox 572 3293 608 3362; x_wconf 85' lang='lat' dir='ltr'><strong>gl.</strong></span> <span class='ocrx_word' id='word_1_264' title='bbox 633 3294 657 3347; x_wconf 92' lang='grc'><strong>2.</strong></span> <span class='ocrx_word' id='word_1_265' title='bbox 683 3298 711 3347; x_wconf 89' lang='lat' dir='ltr'><strong>et</strong></span> <span class='ocrx_word' id='word_1_266' title='bbox 735 3293 810 3349; x_wconf 85' lang='lat' dir='ltr'><strong>Suid.</strong></span> <span class='ocrx_word' id='word_1_267' title='bbox 834 3309 856 3350; x_wconf 85' lang='lat' dir='ltr'><strong>s.</strong></span> <span class='ocrx_word' id='word_1_268' title='bbox 875 3312 900 3349; x_wconf 86' lang='lat' dir='ltr'><strong>v.</strong></span> <span class='ocrx_word' id='word_1_269' title='bbox 919 3293 1059 3364; x_wconf 79' lang='grc' dir='ltr'><strong><em>κιχλίζειν.</em></strong></span> <span class='ocrx_word' id='word_1_270' title='bbox 1088 3294 1178 3350; x_wconf 86' lang='lat' dir='ltr'><strong>Schol.</strong></span> <span class='ocrx_word' id='word_1_271' title='bbox 1197 3296 1245 3350; x_wconf 90' lang='lat' dir='ltr'><strong>Ar.</strong></span> 
     </span>
     <span class='ocr_line' id='line_1_30' title="bbox 70 3381 611 3448; baseline -0.007 -9"><span class='ocrx_word' id='word_1_272' title='bbox 70 3382 144 3439; x_wconf 82' lang='lat' dir='ltr'><strong>Nub.</strong></span> <span class='ocrx_word' id='word_1_273' title='bbox 164 3381 224 3436; x_wconf 86' lang='lat'><strong>983.</strong></span> <span class='ocrx_word' id='word_1_274' title='bbox 244 3381 357 3436; x_wconf 84' lang='lat' dir='ltr'><strong>Anthol.</strong></span> <span class='ocrx_word' id='word_1_275' title='bbox 376 3382 434 3437; x_wconf 82' lang='lat' dir='ltr'><strong>Pal.</strong></span> <span class='ocrx_word' id='word_1_276' title='bbox 454 3383 487 3437; x_wconf 92' lang='lat' dir='ltr'><strong>V.</strong></span> <span class='ocrx_word' id='word_1_277' title='bbox 507 3383 567 3448; x_wconf 79' lang='grc'><strong>245,</strong></span> <span class='ocrx_word' id='word_1_278' title='bbox 588 3384 611 3436; x_wconf 96' lang='lat' dir='ltr'><strong>l.</strong></span> 
     </span>
     <span class='ocr_line' id='line_1_31' title="bbox 163 3469 330 3541; baseline 0 -17"><span class='ocrx_word' id='word_1_279' title='bbox 163 3469 185 3541; x_wconf 78' lang='lat'><strong>²)</strong></span> <span class='ocrx_word' id='word_1_280' title='bbox 204 3469 239 3526; x_wconf 83' lang='lat' dir='ltr'><strong>cf.</strong></span> <span class='ocrx_word' id='word_1_281' title='bbox 254 3470 330 3525; x_wconf 89' lang='lat' dir='ltr'><strong>Suid.</strong></span> 
     </span>
     <span class='ocr_line' id='line_1_32' title="bbox 162 3553 1244 3629; baseline 0.001 -17"><span class='ocrx_word' id='word_1_282' title='bbox 162 3557 183 3626; x_wconf 71' lang='grc'><strong>8)</strong></span> <span class='ocrx_word' id='word_1_283' title='bbox 202 3553 326 3629; x_wconf 80' lang='grc' dir='ltr'><strong><em>δρεπτὸν</em></strong></span> <span class='ocrx_word' id='word_1_284' title='bbox 345 3559 513 3614; x_wconf 84' lang='lat' dir='ltr'><strong>Schmidtius</strong></span> <span class='ocrx_word' id='word_1_285' title='bbox 531 3559 589 3628; x_wconf 81' lang='lat' dir='ltr'><strong>legi</strong></span> <span class='ocrx_word' id='word_1_286' title='bbox 607 3558 693 3614; x_wconf 90' lang='lat' dir='ltr'><strong>iubet.</strong></span> <span class='ocrx_word' id='word_1_287' title='bbox 723 3559 758 3615; x_wconf 86' lang='lat' dir='ltr'><strong>cf.</strong></span> <span class='ocrx_word' id='word_1_288' title='bbox 778 3561 843 3616; x_wconf 87' lang='lat' dir='ltr'><strong>Hes.</strong></span> <span class='ocrx_word' id='word_1_289' title='bbox 863 3577 884 3615; x_wconf 90' lang='lat' dir='ltr'><strong>s.</strong></span> <span class='ocrx_word' id='word_1_290' title='bbox 905 3578 928 3616; x_wconf 87' lang='lat' dir='ltr'><strong>v.</strong></span> <span class='ocrx_word' id='word_1_291' title='bbox 948 3561 1039 3615; x_wconf 84' lang='lat' dir='ltr'><strong>etEt.</strong></span> <span class='ocrx_word' id='word_1_292' title='bbox 1059 3561 1096 3615; x_wconf 92' lang='lat' dir='ltr'><strong>M.</strong></span> <span class='ocrx_word' id='word_1_293' title='bbox 1116 3561 1182 3629; x_wconf 89' lang='grc'><strong>287,</strong></span> <span class='ocrx_word' id='word_1_294' title='bbox 1202 3561 1244 3615; x_wconf 89' lang='grc'><strong>27.</strong></span> 
     </span>
     <span class='ocr_line' id='line_1_33' title="bbox 70 3644 1070 3717; baseline 0.002 -15"><span class='ocrx_word' id='word_1_295' title='bbox 70 3647 152 3703; x_wconf 90' lang='lat' dir='ltr'><strong>Unde</strong></span> <span class='ocrx_word' id='word_1_296' title='bbox 172 3645 256 3702; x_wconf 85' lang='lat' dir='ltr'><strong>etiem</strong></span> <span class='ocrx_word' id='word_1_297' title='bbox 276 3663 353 3702; x_wconf 88' lang='lat' dir='ltr'><strong>error</strong></span> <span class='ocrx_word' id='word_1_298' title='bbox 371 3663 415 3717; x_wconf 92' lang='lat' dir='ltr'><strong>ap.</strong></span> <span class='ocrx_word' id='word_1_299' title='bbox 435 3648 512 3702; x_wconf 90' lang='lat' dir='ltr'><strong>Phot.</strong></span> <span class='ocrx_word' id='word_1_300' title='bbox 533 3665 554 3702; x_wconf 86' lang='lat' dir='ltr'><strong>s.</strong></span> <span class='ocrx_word' id='word_1_301' title='bbox 572 3666 596 3703; x_wconf 90' lang='lat' dir='ltr'><strong>v.</strong></span> <span class='ocrx_word' id='word_1_302' title='bbox 615 3644 804 3716; x_wconf 82' lang='grc' dir='ltr'><strong><em>μανδαλωτόν</em></strong></span> <span class='ocrx_word' id='word_1_303' title='bbox 822 3649 1000 3717; x_wconf 82' lang='lat' dir='ltr'><strong>corrigendus</strong></span> <span class='ocrx_word' id='word_1_304' title='bbox 1019 3655 1070 3704; x_wconf 89' lang='lat' dir='ltr'><strong>est.</strong></span> 
     </span>
     <span class='ocr_line' id='line_1_34' title="bbox 162 3735 1001 3807; baseline 0.001 -17"><span class='ocrx_word' id='word_1_305' title='bbox 162 3737 184 3802; x_wconf 83' lang='lat'><strong>⁴)</strong></span> <span class='ocrx_word' id='word_1_306' title='bbox 202 3735 265 3791; x_wconf 87' lang='lat' dir='ltr'><strong>Non</strong></span> <span class='ocrx_word' id='word_1_307' title='bbox 283 3735 361 3792; x_wconf 83' lang='lat' dir='ltr'><strong>alibi.</strong></span> <span class='ocrx_word' id='word_1_308' title='bbox 389 3737 467 3792; x_wconf 90' lang='lat' dir='ltr'><strong>Haec</strong></span> <span class='ocrx_word' id='word_1_309' title='bbox 486 3736 562 3792; x_wconf 87' lang='lat' dir='ltr'><strong>vocis</strong></span> <span class='ocrx_word' id='word_1_310' title='bbox 581 3737 749 3807; x_wconf 84' lang='lat' dir='ltr'><strong>significatio</strong></span> <span class='ocrx_word' id='word_1_311' title='bbox 769 3755 813 3807; x_wconf 89' lang='lat' dir='ltr'><strong>ap.</strong></span> <span class='ocrx_word' id='word_1_312' title='bbox 833 3739 927 3807; x_wconf 86' lang='lat' dir='ltr'><strong>Steph.</strong></span> <span class='ocrx_word' id='word_1_313' title='bbox 946 3737 1001 3792; x_wconf 87' lang='lat' dir='ltr'><strong>def.</strong></span> 
     </span>
     <span class='ocr_line' id='line_1_35' title="bbox 161 3821 1245 3898; baseline 0.003 -19"><span class='ocrx_word' id='word_1_314' title='bbox 161 3824 184 3892; x_wconf 79' lang='lat'><strong>⁶)</strong></span> <span class='ocrx_word' id='word_1_315' title='bbox 203 3823 238 3879; x_wconf 85' lang='lat' dir='ltr'><strong>cf.</strong></span> <span class='ocrx_word' id='word_1_316' title='bbox 258 3824 332 3880; x_wconf 82' lang='lat' dir='ltr'><strong>Suid.</strong></span> <span class='ocrx_word' id='word_1_317' title='bbox 352 3825 419 3880; x_wconf 85' lang='lat' dir='ltr'><strong>Lex.</strong></span> <span class='ocrx_word' id='word_1_318' title='bbox 439 3826 553 3882; x_wconf 81' lang='lat' dir='ltr'><strong>Bachm.</strong></span> <span class='ocrx_word' id='word_1_319' title='bbox 569 3828 629 3895; x_wconf 88' lang='grc'><strong>185,</strong></span> <span class='ocrx_word' id='word_1_320' title='bbox 649 3829 691 3882; x_wconf 94' lang='grc'><strong>10.</strong></span> <span class='ocrx_word' id='word_1_321' title='bbox 711 3827 776 3881; x_wconf 90' lang='lat' dir='ltr'><strong>Hes.</strong></span> <span class='ocrx_word' id='word_1_322' title='bbox 791 3843 812 3881; x_wconf 86' lang='lat' dir='ltr'><strong>s.</strong></span> <span class='ocrx_word' id='word_1_323' title='bbox 828 3845 852 3882; x_wconf 84' lang='lat' dir='ltr'><strong>v.</strong></span> <span class='ocrx_word' id='word_1_324' title='bbox 867 3821 1041 3898; x_wconf 83' lang='grc' dir='ltr'><strong><em>χιχχλισμὸς,</em></strong></span> <span class='ocrx_word' id='word_1_325' title='bbox 1061 3829 1245 3898; x_wconf 86' lang='grc' dir='ltr'><strong><em>χιχχλισμοϊς.</em></strong></span> 
     </span>
     <span class='ocr_line' id='line_1_36' title="bbox 73 3913 1244 3985; baseline 0.002 -17"><span class='ocrx_word' id='word_1_326' title='bbox 73 3914 147 3968; x_wconf 83' lang='lat' dir='ltr'><strong>Cave</strong></span> <span class='ocrx_word' id='word_1_327' title='bbox 167 3913 318 3968; x_wconf 83' lang='lat' dir='ltr'><strong>confundas</strong></span> <span class='ocrx_word' id='word_1_328' title='bbox 338 3930 432 3969; x_wconf 87' lang='lat' dir='ltr'><strong>vocem</strong></span> <span class='ocrx_word' id='word_1_329' title='bbox 452 3915 612 3985; x_wconf 84' lang='grc' dir='ltr'><strong><em>χίχχλυμος,</em></strong></span> <span class='ocrx_word' id='word_1_330' title='bbox 633 3915 710 3970; x_wconf 91' lang='lat' dir='ltr'><strong>cuius</strong></span> <span class='ocrx_word' id='word_1_331' title='bbox 730 3915 881 3984; x_wconf 81' lang='lat' dir='ltr'><strong>explicatio</strong></span> <span class='ocrx_word' id='word_1_332' title='bbox 900 3931 943 3984; x_wconf 88' lang='lat' dir='ltr'><strong>ap.</strong></span> <span class='ocrx_word' id='word_1_333' title='bbox 961 3915 1035 3970; x_wconf 86' lang='lat' dir='ltr'><strong>Suid.</strong></span> <span class='ocrx_word' id='word_1_334' title='bbox 1051 3916 1117 3970; x_wconf 88' lang='lat' dir='ltr'><strong>Lex.</strong></span> <span class='ocrx_word' id='word_1_335' title='bbox 1131 3917 1244 3971; x_wconf 86' lang='lat' dir='ltr'><strong>Bachm.</strong></span> 
     </span>
     <span class='ocr_line' id='line_1_37' title="bbox 75 4002 1245 4072; baseline 0.003 -16"><span class='ocrx_word' id='word_1_336' title='bbox 75 4002 135 4064; x_wconf 81' lang='lat'><strong>185,</strong></span> <span class='ocrx_word' id='word_1_337' title='bbox 155 4002 197 4056; x_wconf 89' lang='lat'><strong>13.</strong></span> <span class='ocrx_word' id='word_1_338' title='bbox 217 4005 302 4057; x_wconf 88' lang='lat' dir='ltr'><strong>extet.</strong></span> <span class='ocrx_word' id='word_1_339' title='bbox 318 4003 468 4072; x_wconf 86' lang='lat' dir='ltr'><strong>Perperam</strong></span> <span class='ocrx_word' id='word_1_340' title='bbox 483 4004 549 4058; x_wconf 88' lang='lat' dir='ltr'><strong>Hes.</strong></span> <span class='ocrx_word' id='word_1_341' title='bbox 569 4006 600 4058; x_wconf 94' lang='lat' dir='ltr'><strong>B.</strong></span> <span class='ocrx_word' id='word_1_342' title='bbox 620 4007 652 4059; x_wconf 89' lang='lat' dir='ltr'><strong>A.</strong></span> <span class='ocrx_word' id='word_1_343' title='bbox 673 4007 733 4069; x_wconf 86' lang='grc'><strong>232,</strong></span> <span class='ocrx_word' id='word_1_344' title='bbox 754 4007 788 4058; x_wconf 88' lang='grc'><strong>22</strong></span> <span class='ocrx_word' id='word_1_345' title='bbox 807 4006 843 4059; x_wconf 88' lang='lat' dir='ltr'><strong>ad</strong></span> <span class='ocrx_word' id='word_1_346' title='bbox 861 4004 940 4058; x_wconf 89' lang='lat' dir='ltr'><strong>illam</strong></span> <span class='ocrx_word' id='word_1_347' title='bbox 958 4004 1098 4059; x_wconf 88' lang='lat' dir='ltr'><strong>notionem</strong></span> <span class='ocrx_word' id='word_1_348' title='bbox 1116 4005 1245 4071; x_wconf 82' lang='lat' dir='ltr'><strong>attulere,</strong></span> 
     </span>
     <span class='ocr_line' id='line_1_38' title="bbox 75 4087 1244 4162; baseline 0.003 -18"><span class='ocrx_word' id='word_1_349' title='bbox 75 4105 145 4158; x_wconf 89' lang='lat' dir='ltr'><strong>quae</strong></span> <span class='ocrx_word' id='word_1_350' title='bbox 169 4091 206 4144; x_wconf 88' lang='lat' dir='ltr'><strong>ad</strong></span> <span class='ocrx_word' id='word_1_351' title='bbox 228 4087 395 4161; x_wconf 84' lang='grc' dir='ltr'><strong><em>χιγχλισμός</em></strong></span> <span class='ocrx_word' id='word_1_352' title='bbox 417 4093 518 4147; x_wconf 87' lang='lat' dir='ltr'><strong>referri</strong></span> <span class='ocrx_word' id='word_1_353' title='bbox 542 4094 689 4148; x_wconf 82' lang='lat' dir='ltr'><strong>debebant.</strong></span> <span class='ocrx_word' id='word_1_354' title='bbox 726 4095 824 4162; x_wconf 90' lang='lat' dir='ltr'><strong>Neque</strong></span> <span class='ocrx_word' id='word_1_355' title='bbox 848 4093 999 4148; x_wconf 88' lang='lat' dir='ltr'><strong>Pausanias</strong></span> <span class='ocrx_word' id='word_1_356' title='bbox 1023 4109 1058 4148; x_wconf 88' lang='lat' dir='ltr'><strong>ex</strong></span> <span class='ocrx_word' id='word_1_357' title='bbox 1082 4095 1160 4148; x_wconf 89' lang='lat' dir='ltr'><strong>Phot.</strong></span> <span class='ocrx_word' id='word_1_358' title='bbox 1180 4110 1200 4148; x_wconf 91' lang='lat' dir='ltr'><strong>s.</strong></span> <span class='ocrx_word' id='word_1_359' title='bbox 1220 4111 1244 4148; x_wconf 84' lang='lat' dir='ltr'><strong>v.</strong></span> 
     </span>
     <span class='ocr_line' id='line_1_39' title="bbox 75 4174 1245 4251; baseline 0.005 -20"><span class='ocrx_word' id='word_1_360' title='bbox 75 4174 261 4245; x_wconf 83' lang='grc' dir='ltr'><strong><em>μανδαλωτόν</em></strong></span> <span class='ocrx_word' id='word_1_361' title='bbox 284 4180 476 4250; x_wconf 84' lang='lat' dir='ltr'><strong>corrigendus,</strong></span> <span class='ocrx_word' id='word_1_362' title='bbox 500 4182 549 4236; x_wconf 87' lang='lat' dir='ltr'><strong>sed</strong></span> <span class='ocrx_word' id='word_1_363' title='bbox 567 4181 659 4251; x_wconf 88' lang='lat' dir='ltr'><strong>potius</strong></span> <span class='ocrx_word' id='word_1_364' title='bbox 682 4183 731 4236; x_wconf 90' lang='lat' dir='ltr'><strong>ille</strong></span> <span class='ocrx_word' id='word_1_365' title='bbox 754 4184 844 4249; x_wconf 89' lang='lat' dir='ltr'><strong>locus,</strong></span> <span class='ocrx_word' id='word_1_366' title='bbox 868 4199 947 4251; x_wconf 88' lang='lat' dir='ltr'><strong>quem</strong></span> <span class='ocrx_word' id='word_1_367' title='bbox 970 4183 1027 4237; x_wconf 90' lang='lat' dir='ltr'><strong>iam</strong></span> <span class='ocrx_word' id='word_1_368' title='bbox 1049 4187 1105 4238; x_wconf 91' lang='lat' dir='ltr'><strong>not.</strong></span> <span class='ocrx_word' id='word_1_369' title='bbox 1125 4185 1149 4238; x_wconf 88' lang='lat'><strong>3.</strong></span> <span class='ocrx_word' id='word_1_370' title='bbox 1170 4198 1245 4238; x_wconf 88' lang='lat' dir='ltr'><strong>men-</strong></span> 
     </span>
    </p>
   </div>
   <div class='ocr_carea' id='block_1_4' title="bbox 76 4267 744 4424">
    <p class='ocr_par' dir='ltr' id='par_1_6' title="bbox 76 4267 744 4424">
     <span class='ocr_line' id='line_1_40' title="bbox 76 4267 744 4334; baseline 0.006 -13"><span class='ocrx_word' id='word_1_371' title='bbox 76 4268 171 4322; x_wconf 90' lang='lat' dir='ltr'><strong>dosum</strong></span> <span class='ocrx_word' id='word_1_372' title='bbox 190 4283 251 4322; x_wconf 89' lang='lat' dir='ltr'><strong>esse</strong></span> <span class='ocrx_word' id='word_1_373' title='bbox 270 4267 468 4334; x_wconf 87' lang='lat' dir='ltr'><strong>intelleximus,</strong></span> <span class='ocrx_word' id='word_1_374' title='bbox 488 4271 675 4326; x_wconf 88' lang='lat' dir='ltr'><strong>emendandus</strong></span> <span class='ocrx_word' id='word_1_375' title='bbox 694 4278 744 4326; x_wconf 85' lang='lat' dir='ltr'><strong>est.</strong></span> 
     </span>
     <span class='ocr_line' id='line_1_41' title="bbox 163 4355 323 4424; baseline 0.006 -13"><span class='ocrx_word' id='word_1_376' title='bbox 163 4355 184 4424; x_wconf 66' lang='grc' dir='ltr'><strong>ὅ)</strong></span> <span class='ocrx_word' id='word_1_377' title='bbox 203 4355 237 4412; x_wconf 86' lang='lat' dir='ltr'><strong>cf.</strong></span> <span class='ocrx_word' id='word_1_378' title='bbox 257 4357 323 4413; x_wconf 85' lang='lat' dir='ltr'><strong>Hes.</strong></span> 
     </span>
    </p>
   </div>
   <div class='ocr_carea' id='block_1_5' title="bbox 0 0 1510 5040">
    <p class='ocr_par' dir='ltr' id='par_1_7' title="bbox 0 0 1510 5040">
     <span class='ocr_line' id='line_1_42' title="bbox 0 0 1510 5040; baseline 0 0"><span class='ocrx_word' id='word_1_379' title='bbox 0 0 1510 5040; x_wconf 95' lang='lat' dir='ltr'><strong> </strong></span> 
     </span>
    </p>
   </div>
  </div>
 </body>
</html>
