3000 5040
615 262 677 328 113

47 414 192 488 Άττικοὶ
216 420 252 486 δὲ
274 411 361 485 κατὰ
384 419 527 485 Αἴλιον
551 416 765 486 Διονύσιον
789 418 975 485 ἐκτείνουσι
998 411 1061 507 τὴν
1085 412 1227 504 ὑστέραν

53 536 118 593 τοῦ
141 519 278 614 bacam).
311 525 446 613 ἕτερος
471 527 511 592 δὲ
534 523 665 613 ῥήτωρ
691 525 731 590 ἐν
759 525 896 612 οἰκείῳ
925 530 1067 612 λεξικῷ
1097 522 1228 611 γράφει,

55 624 110 705 ὅτι
134 627 153 699 ὁ
177 630 277 718 λόγος
300 625 389 714 όξιοῐ
415 629 593 719 βραχόνειν
621 625 660 698 τό
689 624 789 698 ἅπαν.
822 625 865 698 τὰ
892 624 955 719 γὰρ
984 649 1227 719 παρασχηματι-

56 736 181 825 ζόμενα
203 751 275 817 τοῖς
299 739 344 816 εἰς
368 745 407 816 d}
430 733 591 826 οὐδέτεροι
613 735 852 826 βραχύνονται,
876 735 951 805 οἷον
973 740 1089 824 μέλαν,
1111 735 1227 804 τάλαν.

147 847 198 912 60.
230 847 405 912 Eustath.
424 870 454 930 p.
475 847 574 924 1857,
596 847 644 912 13.
683 846 720 911 ἐκ
744 845 780 911 δὲ
802 853 866 911 τοῦ
887 840 1025 931 μάσσειν
1048 847 1105 912 καὶ
1133 838 1227 911 όπο-
1256 874 1269 915 c

54 948 237 1037 μόγματα
255 953 312 1018 καὶ
331 944 581 1039 όπόμακτρα·
605 945 647 1017 τόι
667 944 940 1038 όποκαθάρματα
950 952 988 1039 1),
1011 953 1068 1018 καὶ
1085 953 1228 1037 μαγόα-

57 1052 121 1124 λιόι
144 1051 236 1144 παρὰ
261 1067 311 1144 τῷ
335 1067 475 1144 κωμικῷ
498 1061 592 1146 (Equ.
612 1058 694 1146 412)
705 1061 732 1146 2)
751 1051 843 1146 παρὰ
864 1059 899 1124 δὲ
919 1053 1033 1136 ἄλλοις
1056 1061 1113 1124 καὶ
1132 1051 1229 1124 ἄπο-

55 1156 252 1250 μαγόαλιὰ
271 1167 328 1230 καὶ
348 1157 624 1251 όπομαγόαλὶς
641 1157 761 1250 ψωμός
783 1165 829 1242 εἰς
848 1155 889 1231 όν
913 1161 1152 1250 ἐκματτόμενοι
1170 1157 1230 1239 τὰς

54 1283 167 1357 χεῖρας
189 1263 272 1355 μετὰ
296 1273 435 1338 δεῖπνον
460 1270 641 1358 ἐρρίπτουν
664 1273 741 1337 κυσί
750 1273 787 1360 ³).
820 1272 1083 1357 Παυσανίας4)
1109 1271 1146 1337 δέ
1168 1294 1231 1358 φη-

58 1395 128 1459 σιν,
156 1369 209 1443 ότι
233 1369 467 1464 ἄπομαγόαλιόι
491 1392 596 1459 σταῖς,
625 1369 644 1444 ό
669 1375 791 1464 ἔφερον
815 1378 871 1444 ἐπὶ
893 1370 933 1444 τό
958 1379 1112 1458 όεϊπνον,
1139 1377 1186 1454 εἰς
1210 1367 1270 1447 όιο

56 1476 119 1561 τὰς
133 1496 245 1570 χεῖρας
264 1477 535 1570 ἀποματτόμενοι
554 1481 625 1550 εἶτα
642 1499 713 1563 τοῖς
732 1488 830 1551 κυσὶν
850 1483 1002 1567 ἔβαλλον,
1022 1476 1074 1551 όιό
1093 1487 1114 1565 †
1132 1480 1229 1564 κόνα,

58 1593 168 1677 φησὶ,
190 1583 231 1657 τὸ
254 1600 412 1658 τοιοῦτον
437 1593 676 1679 Διοσκουρίδης
685 1594 712 1679 ⁵)
736 1589 987 1679 προσαγορεύει.

105 1897 149 1951 59.
168 1897 190 1963 ¹)
209 1896 291 1950 (lons.
311 1895 385 1951 Suid.
405 1896 436 1950 B.
456 1898 489 1950 A.
509 1895 571 1966 416,
590 1897 642 1965 11,
662 1895 710 1950 ubi
729 1888 745 1949 ὃ
764 1891 882 1964 ποιητής
899 1895 1101 1951 restituendum
1124 1900 1174 1951 est.
1193 1924 1229 1936 ··-

58 1984 148 2039 Recte
167 1985 200 2039 A.
219 1985 253 2039 D.
273 1984 429 2054 disputasse
449 1987 564 2039 constat.
601 1984 735 2040 Doctrina
758 1986 877 2039 rhetoris
901 1984 977 2039 illius
1000 1986 1090 2054 ignoti
1111 1985 1230 2039 iteratur

58 2090 104 2142 ap.
125 2074 245 2142 Theogn.
266 2073 361 2128 Dichr.
380 2075 445 2141 290,
471 2075 486 2126 1
511 2074 624 2142 (Herod.
647 2074 743 2128 Lentz.
763 2075 783 2128 Ι.
803 2075 869 2141 350,
888 2075 913 2129 5.
933 2075 998 2140 533,
1017 2075 1060 2128 29.
1076 2074 1158 2143 sqq.),
1182 2072 1229 2126 ubi

58 2162 170 2217 Atticos
183 2168 279 2218 contra
291 2162 417 2232 regulam
430 2163 671 2232 grammaticorum
686 2162 812 2217 ultimam
826 2163 901 2218 vocis
921 2153 999 2216 ἅπαν
1018 2162 1153 2234 syllabam
1166 2178 1229 2231 pro·

59 2251 174 2306 duxisse
195 2252 364 2307 conceditur.

107 2341 149 2395 60.
168 2342 190 2408 ¹)
209 2341 291 2396 Gonu.
310 2343 342 2396 B.
362 2343 396 2396 A.
415 2341 476 2408 431,
496 2343 539 2396 31.

151 2430 173 2500 ²)
191 2429 274 2485 Vocis
296 2429 386 2484 forma
408 2425 551 2500 μαγδαλιό
575 2430 695 2486 recurrit
717 2430 791 2499 apud
810 2430 900 2485 Schol.
919 2432 967 2484 Ar.
986 2430 1037 2498 Eq.
1056 2429 1117 2483 414.
1141 2428 1229 2495 (cuius

59 2519 211 2574 secundam
234 2524 263 2572 et
285 2518 398 2573 tertiam
422 2519 636 2588 explicationem
655 2519 729 2575 Suid.
750 2535 771 2574 s.
791 2537 815 2574 v.
835 2512 1035 2588 ἀπομαγδαλιό
1058 2517 1167 2572 inverso
1186 2532 1230 2570 or-

61 2609 129 2664 dine
147 2607 309 2675 transtulit).

153 2696 175 2765 ⁸)
195 2697 277 2752 Oonv.
295 2699 327 2752 B.
346 2698 407 2765 431,
427 2698 484 2763 27.,
503 2698 576 2752 unde
595 2696 695 2752 Rindfl.
715 2714 742 2766 p.
762 2698 787 2752 2.
803 2713 862 2766 squ.
882 2697 997 2766 collegit
1014 2698 1086 2751 banc
1106 2695 1229 2765 explica·

60 2786 167 2841 tionem
186 2788 219 2841 A.
239 2786 272 2840 D.
291 2785 469 2841 tribuendam
488 2802 556 2842 esse.

151 2877 174 2942 ⁴)
192 2875 345 2930 Pausaniae
364 2875 518 2932 doctrinam
536 2876 641 2945 repetit
655 2877 721 2930 Hes.
736 2869 952 2944 ἄπομαγδαλιός
966 2878 995 2929 et
1013 2875 1126 2930 tertium
1145 2875 1230 2930 schol.

59 2967 110 3020 Ar.
125 2964 194 3034 Equ.
209 2965 270 3018 414.
289 2964 334 3034 (=
349 2964 436 3035 Suid.)
451 2966 607 3020 -Eadem
627 2965 777 3034 explicatio
797 2964 1084 3034 paullumimmutata
1103 2982 1147 3034 ap.
1161 2966 1230 3021 Poll.

59 3054 111 3108 VI.
125 3053 167 3109 93.
187 3084 222 3092 -
239 3054 368 3109 Eustatb.
381 3071 408 3123 p.
423 3055 484 3122 432,
498 3055 542 3107 34.
563 3050 596 3107 ἐκ
615 3057 666 3108 τοῦ
685 3049 808 3120 μόσοειν
826 3055 876 3107 καὶ
894 3049 927 3108 τὸ
947 3049 1104 3125 ἐκμαγεῖον
1122 3055 1231 3123 γίνεται

62 3142 110 3209 (cf.
128 3142 206 3197 Eust.
226 3145 305 3210 1857,
325 3145 367 3197 12.
387 3143 462 3198 Suid.
477 3159 498 3197 s.
514 3145 557 3206 ι.)
576 3173 611 3182 -
630 3144 678 3196 καὶ
697 3138 730 3196 τὸ
746 3138 958 3213 χειρόμακτρον
977 3145 1025 3197 καλ
1044 3137 1061 3211 ἢ
1080 3139 1231 3214 μαμδαλιόι,

60 3219 124 3300 ἥτις
146 3221 180 3301 ἦν
203 3226 321 3300 ζόμωμό
344 3249 384 3295 τι,
410 3221 483 3304 ἐνιῷ
505 3226 738 3299 ἀποματτόμενοι
761 3227 796 3285 τὰ
820 3228 854 3285 ἐκ
872 3236 930 3286 τῶν
947 3227 1108 3303 βρωμάτων
1126 3227 1232 3304 λιπαρὰ

61 3315 138 3392 ῥύπη
154 3316 181 3375 οἳ
195 3322 312 3374 παλαιοὶ
328 3313 462 3391 ἔρριπτον
477 3321 567 3375 κυσίν.
592 3321 669 3389 Quae
685 3320 811 3375 doctrina
825 3321 958 3376 atticistis
972 3322 1097 3377 debetur.
1126 3323 1232 3376 Eodem

61 3409 160 3464 ordine
188 3409 256 3465 Poll.
280 3411 299 3464 l.
319 3409 336 3462 l.
357 3411 391 3463 de
421 3410 560 3464 vocabulis
590 3405 757 3479 ἐκμαγεῖον,
779 3405 1002 3480 χειρόμακτρον,
1031 3405 1232 3481 όπομαγόαλιά

62 3497 123 3567 agit
142 3503 171 3552 et
188 3499 351 3554 vocabulum
370 3498 533 3553 inusitatum
552 3497 682 3553 similiter
700 3503 783 3567 atque
802 3499 882 3553 Paus.
904 3500 1038 3568 explicat:
1059 3496 1088 3554 αἳ
1108 3489 1181 3568 ἦσαν
1198 3495 1232 3554 τὸ

63 3583 96 3641 ἐν
115 3590 156 3659 τῷ
174 3581 252 3660 ἄρτῳ
272 3583 402 3656 μαλακὸν
421 3589 469 3641 καὶ
489 3589 650 3652 σταιτῶδες,
671 3585 711 3651 εἰς
726 3578 742 3641 ό
757 3582 979 3656 όποψησόμενοι
992 3595 1052 3651 τοῖς
1066 3591 1149 3643 κυσὶν
1162 3583 1232 3644 αὐτὸ

62 3673 254 3748 παρέβαλλον,
274 3665 347 3732 ὅθεν
361 3678 410 3731 καὶ
423 3671 646 3745 Λακεδαιμόνιοι
665 3672 773 3730 κυνόόα
786 3673 838 3746 τὴν
852 3673 1068 3746 όπομαγδαλιὰν
1082 3680 1232 3731 καλοῦσιν·

63 3759 251 3834 cccccccccc
269 3768 317 3820 κιο
331 3754 457 3837 (ομηρος
474 3785 493 3819 κ
511 3768 572 3821 ans.
585 3766 663 3821 nuel.
678 3781 743 3821 vero
758 3766 793 3820 au
812 3766 1057 3834 asturcones)
1076 3766 1112 3820 ac
1131 3766 1148 3819 1.
1164 3767 1182 3821 1.
1198 3782 1234 3820 ex

63 3853 197 3910 atticistis
210 3855 329 3924 petitum
341 3857 498 3926 provocatu
517 3856 562 3910 Et.
576 3856 614 3908 M.
630 3855 691 3922 587,
705 3855 739 3909 47
759 3869 795 3909 ex
814 3854 910 3910 codem
928 3855 989 3909 loco
1004 3854 1151 3910 Homerico
1170 3871 1232 3924 pro-

63 3942 207 4012 ficiscitur,
226 3949 255 3998 et
274 3943 394 3999 similem
412 3944 441 3999 in
459 3944 568 4000 modum
588 3943 719 4013 explicat.

155 4033 177 4100 ⁶)
194 4033 372 4089 Dioscorides
401 4032 455 4088 fuit
483 4034 542 4087 sine
567 4032 649 4088 dubio
672 4036 769 4088 auctor
791 4031 854 4101 ille,
883 4048 965 4100 quem
988 4031 1023 4085 de
1046 4031 1232 4087 Lacedaemo·

63 4120 173 4176 nicrum
195 4122 341 4192 republica
365 4122 455 4192 egisse
478 4121 711 4176 Atu.1v.14013
734 4125 861 4175 testatur.
898 4122 965 4175 Cum
989 4125 1081 4175 autem
1106 4136 1140 4175 ex
1163 4120 1233 4175 Poll.

64 4210 83 4264 1.
102 4209 121 4263 l.
141 4210 376 4267 Lacedaemonios
400 4206 508 4267 κννάδα
526 4237 560 4255 =
585 4203 803 4280 ἇπομαγδαλιόν
826 4209 930 4264 dixisse
953 4210 1057 4276 discas,
1082 4210 1233 4280 eademque

63 4298 167 4353 iterum
185 4300 283 4356 doceat
301 4304 402 4356 Athen.
421 4301 472 4355 IX.
486 4302 568 4356 4091)
588 4287 626 4364 dic
645 4315 715 4368 φησι
735 4295 876 4365 Πολέμων
895 4294 980 4370 ἐν’τῇ
999 4301 1065 4371 περ)
1084 4295 1235 4368 ὀνομάτων

64 4383 178 4454 ἀδόξων
198 4385 342 4461 ἐπιστολῇ,
360 4389 552 4446 Dioscuridcm
570 4405 605 4445 ex
624 4391 690 4445 Ath.
703 4390 750 4447 IV.
764 4389 853 4444 140F.
872 4389 908 4444 de
926 4389 1011 4445 variis
1030 4407 1131 4460 panum
1145 4391 1233 4445 Laco·
