3000 5040
626 176 669 239 43

62 334 177 419 phanis
195 333 277 400 libro
297 335 498 419 depromptas
516 355 592 411 esse,
611 335 669 411 oui,
692 336 777 420 quod
795 335 931 418 genuina
951 335 1116 418 inscriptio
1135 336 1232 412 deest,

61 463 177 507 nomen
199 443 278 527 περὶ
300 446 487 507 πολιτικῶν
513 433 691 525 ὀνομάτων
715 443 852 507 intrusit.
881 441 1231 526 (asseruisti)

63 547 122 613 eui
140 548 224 614 libro
242 548 396 633 imprimis
416 570 470 614 eas
488 549 608 631 glossas
628 555 793 633 excerptor
811 549 1005 632 Byzantinus
1028 549 1232 632 deprompsit,

61 676 142 738 quas
165 657 250 739 apud
273 657 431 722 atticistas
454 655 559 721 redire
577 657 719 721 videmus
743 677 765 721 s.
783 679 811 721 v.
831 655 934 735 ξένος,
959 651 1122 735 ἰδιόξενος
1141 661 1173 719 et
1191 656 1231 719 si-

61 762 192 828 milibus
215 764 249 826 in
272 761 310 827 fr.
330 762 403 828 282,

153 869 229 935 Mill.
254 866 325 934 Mel.
348 891 377 952 p.
401 869 481 945 433,
505 869 534 932 3.
564 868 676 950 ξένος
699 860 717 934 ὁ
743 866 778 949 ἐξ
801 863 914 953 ἑτέρας
936 864 1070 945 πόλεως
1091 868 1233 951 παρεπί-

64 976 167 1062 δημος
193 977 251 1040 καί
278 968 297 1041 d
322 975 359 1041 έν
383 969 465 1061 ἀρχῇ
488 970 668 1060 γενόμενος
692 976 872 1061 συνηθείας
895 976 952 1039 καί
974 969 1232 1058 γνωριμότητος.

63 1073 282 1161 Ἰδιόξενος·
307 1074 326 1148 ὃ
352 1081 388 1146 ἐκ
411 1083 573 1158 πλείονος
591 1077 732 1166 χρόνου,
755 1074 776 1167 ἢ
800 1081 837 1146 ἐκ
861 1081 1019 1167 πατέρων
1041 1080 1234 1164 παραδοχῆς

62 1195 177 1275 τηροῦν
200 1184 286 1273 πρός
308 1211 385 1253 τινα
410 1183 564 1254 διάθεσιν
587 1190 645 1253 καὶ
668 1181 841 1272 ὁμόνοιαν,
864 1180 929 1252 κάν
953 1179 1011 1269 ἐφ’
1036 1183 1148 1272 ἑτέρας
1170 1210 1233 1251 πα-

64 1295 178 1379 τρίδος
200 1283 234 1378 ᾗ·
258 1291 467 1380 Πρόξενος.
493 1287 512 1359 ὃ
534 1286 620 1359 κατὰ
644 1290 748 1379 δόγμα
771 1286 949 1359 πολιτικόν
971 1288 1161 1379 προστάτης
1184 1283 1234 1356 dv

63 1396 199 1478 πόλεως
221 1404 278 1467 καὶ
301 1397 512 1487 φροντιστής.
551 1396 766 1486 Δορύξενοι
790 1401 825 1466 δὲ
850 1398 883 1466 οί
905 1392 991 1465 κατὰ
1009 1396 1159 1484 πόλεμον
1179 1390 1233 1463 ἀλ-

63 1503 186 1594 λήλους
218 1504 530 1595 φιλοποιησάμενοι.
578 1508 745 1574 Simillima
776 1510 809 1572 in
841 1507 879 1574 fr.
909 1509 1041 1574 Parisin.
1069 1510 1089 1588 ξ
1119 1505 1168 1570 15.
1196 1504 1233 1570 of.

63 1613 184 1680 Nauck.
207 1638 238 1699 p.
263 1617 408 1682 80.191.
455 1616 576 1682 Eadem
602 1618 731 1681 nomine
759 1617 896 1681 auctoris
923 1616 1038 1681 omisso
1062 1635 1112 1697 ap.
1131 1612 1234 1678 Sehol.

62 1720 138 1786 Luo.
157 1721 210 1786 IV.
229 1742 259 1805 p.
280 1722 352 1787 138.
371 1724 419 1788 ed.
439 1722 594 1799 Jacobitz,
612 1721 728 1788 Aneod.
746 1723 875 1787 Baohm.
894 1723 935 1786 ΙΙ.
954 1745 984 1805 p.
1004 1722 1079 1797 320,
1098 1720 1127 1785 3.
1159 1718 1235 1783 Tria

63 1828 164 1911 igitur
191 1827 298 1908 ξένων
321 1850 438 1912 genera
465 1836 703 1895 enumerantur:
735 1824 909 1910 ἰδιόξενοι,
936 1825 1111 1914 πρόξενοι,
1135 1820 1234 1910 δορύ-

63 1939 164 2015 ξενοι.
211 1935 354 2000 Eandem
376 1937 581 2020 partitionem
599 1935 700 2002 habes
718 1938 803 2021 apud
822 1936 966 2002 Ammon.
984 1958 1014 2018 p.
1036 1935 1107 2001 118.
1128 1932 1234 1998 Valck.

62 2041 115 2105 Et.
136 2041 216 2106 Gud.
235 2063 265 2125 p.
284 2042 359 2120 484,
378 2042 458 2129 291)
482 2044 604 2130 (cetera
620 2044 721 2109 lexioa
743 2042 885 2129 tacent).
908 2080 952 2091 —
976 2041 1045 2120 Qua
1068 2062 1139 2106 oum
1161 2040 1235 2105 doc·

63 2148 153 2212 trina
174 2148 202 2212 si
225 2148 426 2215 atticistae
449 2149 547 2215 verba
569 2151 815 2234 comparaveris,
838 2151 956 2226 statim,
978 2149 1062 2213 unde
1084 2146 1236 2222 hauserit,

64 2253 238 2337 intelleges.
275 2253 466 2341 πρόξενοι
492 2248 571 2321 κατ’
591 2249 629 2321 Ά.
653 2258 686 2322 Δ.
712 2255 745 2322 οί
768 2247 847 2342 όλης
873 2253 1007 2332 πόλεως
1034 2253 1124 2334 ξένοι
1151 2244 1236 2338 παρ’

65 2354 117 2436 οἷς
145 2362 202 2426 καὶ
228 2361 383 2448 πρέσβεις
405 2359 618 2447 κατάγονται.
652 2365 710 2428 καὶ
732 2356 830 2429 αύτοὶ
852 2361 1006 2447 πρέσβεις
1028 2355 1236 2446 προσάγουσι

64 2458 152 2552 πρὸς
169 2458 209 2532 τό
231 2463 401 2554 δημόσιον.
428 2461 640 2550 ἀστόξενοι
659 2469 695 2534 δὲ
719 2467 751 2534 oi
775 2469 812 2534 ἐκ
831 2464 1013 2554 προγόνων
1030 2466 1092 2551 μὲν
1111 2457 1236 2544 ἀστῶν,

65 2565 164 2639 αύτοὶ
188 2573 224 2638 δὲ
248 2574 339 2654 ξένοι
362 2577 418 2640 καὶ
446 2567 666 2653 ἀνανεώσεως
694 2572 863 2660 δεόμενοι,
891 2568 1009 2652 ὁποῖος
1027 2565 1235 2656 Ἀγαμέμνων

66 2678 104 2744 ἐν
128 2681 244 2768 Λυδία.
276 2676 486 2768 δορύξενοι
510 2683 546 2749 δὲ
569 2681 602 2747 οἱ
625 2683 693 2772 ἰδίη
716 2675 801 2748 καθ’
826 2676 965 2757 ἑαυτούς
989 2680 1078 2761 ξένοι
1099 2674 1235 2763 γεγονό-

65 2809 121 2863 τες
148 2789 244 2852 τισίν.
279 2783 475 2870 ἰδιόξενοι
504 2789 539 2855 δὲ
573 2787 605 2854 οἱ
637 2789 705 2878 ἰδίᾳ
732 2781 818 2855 καθ’
847 2781 985 2864 ἑαυτούς
1013 2787 1102 2868 ξένοι
1131 2779 1235 2862 ὄντες.

66 2893 295 2972 Παυσανίας
319 2895 354 2959 δὲ
377 2898 455 2981 περὶ
478 2890 704 2977 ἀστοξένων
728 2888 819 2962 ούτω
843 2897 959 2982 φησὶν·
1002 2887 1179 2974 ἀστόξενοι
1197 2888 1235 2956 ὀἱ

65 2998 155 3084 γένει
178 2996 408 3087 προσήκοντες
430 3010 471 3085 τῇ
494 2998 592 3069 πόλει
616 2996 801 3084 ἀνέκαθεν,
825 2995 888 3069 ούκ
912 2995 1008 3078 ὄντες
1032 3002 1068 3066 δὲ
1091 3003 1236 3077 πολῖται,

67 3097 114 3182 ὡς
143 3103 180 3171 έν
206 3109 370 3193 Κορίνθῳ
399 3113 553 3186 Γλαῦκος
582 3103 827 3195 ὁἹππολόχου
854 3117 916 3175 τοῦ
944 3103 1234 3193 Βελλεροφόντου.

67 3208 198 3296 έτεροι
218 3213 254 3278 δὲ
274 3204 378 3278 ούτω·
403 3208 614 3296 ἀστόξενοι
634 3215 667 3282 οἱ
684 3217 772 3301 γένει
790 3216 852 3301 μὲν
871 3215 907 3296 ἐξ
929 3207 1028 3300 ἀρχῆς
1047 3208 1235 3299 προσήκον-

65 3341 122 3396 τες
145 3317 202 3383 έπὶ
225 3319 261 3385 δὲ
284 3311 477 3406 ἀλλοδαπῆς
499 3318 682 3406 γεγονότες.
715 3325 793 3408 περὶ
817 3322 852 3387 δὲ
877 3319 1068 3405 δορυξένων
1092 3312 1111 3384 ὃ
1136 3309 1237 3394 αύτδς

66 3426 297 3503 Παυσανίας
320 3428 432 3512 φησὶν,
456 3418 510 3493 ὅτι
534 3424 746 3513 δορύξενος
770 3421 788 3494 δ
813 3427 851 3493 έκ
869 3428 1041 3511 πολεμίων
1060 3426 1158 3507 φίλος
1180 3425 1237 3488 καὶ

68 3523 87 3596 ὁ
111 3527 379 3616 πρεσβευόμενος
401 3536 478 3619 περὶ
501 3531 650 3618 λύτρων,
679 3534 707 3600 εἰ
731 3533 935 3621 ξωγρηδεῑέν
953 3554 1050 3609 τινες.
1094 3531 1236 3612 Uterque

67 3637 167 3722 igitur
189 3637 331 3704 attioista
357 3641 425 3705 sine
448 3639 735 3706 ulla‘dubitatione
758 3640 1004 3724 Aristophanem
1027 3639 1130 3721 ipsum
1153 3656 1236 3701 com-

159 3852 181 3919 l)
200 3851 288 3906 Locus
307 3851 356 3906 ille
376 3851 597 3922 corruptissimus
617 3858 671 3908 est:
691 3853 752 3908 iure
771 3853 905 3908 editorem
924 3851 1064 3920 increpes,
1089 3847 1161 3917 quod
1179 3852 1236 3902 tam

68 3939 167 4009 inepta
180 3945 208 3994 et
220 3939 305 3995 facile
321 3942 484 4010 corrigenda
497 3941 599 3997 iterum
611 3944 793 4012 proposuerit.
812 3942 916 4011 Lagus:
931 3935 1083 4010 δορύξενος
1096 3934 1126 3991 δὲ
1137 3930 1153 3991 ὃ
1163 3931 1237 3990 κατὰ

68 4023 197 4096 πόλεμον
211 4024 367 4099 γενόμενος
379 4031 469 4100 φίλος.
497 4026 582 4096 ἁλοὺς
594 4027 651 4102 γδιρ
663 4034 712 4086 καὶ
731 4033 832 4097 ξενίων
850 4025 943 4100 τυχὼν
962 4024 1071 4098 ἀφείθη
1090 4020 1168 4096 παρὰ
1186 4026 1238 4080 τοῦ

69 4118 209 4184 πολεμίου
233 4113 321 4189 λύτρα
344 4110 493 4190 λαβόντος·
517 4123 575 4187 μνᾶ
599 4117 626 4173 δ’
645 4110 681 4188 ἦν
703 4113 719 4188 ἦ
739 4116 907 4190 τεταγμένη·
931 4119 1053 4184 κομίσας
1070 4113 1101 4170 δέ
1120 4116 1169 4168 καί
1187 4132 1237 4182 φυ-

69 4201 157 4271 λάξας
167 4201 217 4274 τὴν
229 4206 324 4262 πίστιν
337 4204 453 4278 ἐγένετο
463 4209 544 4277 φίλος
553 4211 602 4264 καί
612 4204 763 4281 δορύξενος
774 4205 910 4264 ἐκαλεῖτο.
924 4206 959 4263 cf.
969 4207 1072 4262 Duker.
1083 4221 1127 4275 ap.
1138 4203 1236 4261 Valck.

69 4295 216 4352 Animam.
230 4299 266 4351 ad
284 4300 409 4353 Ammon.
422 4315 448 4368 p.
463 4299 514 4354 152
523 4315 564 4367 sq.
1053 4324 1057 4331 -
