3000 5040
656 261 697 324 86

93 416 306 502 συκοφάντας
328 412 406 497 τοὺς
424 413 630 505 Άβυδηνους,
654 411 738 485 ὅθεν
762 420 818 484 καὶ
843 411 1128 505 άβυδοκόμαιί)
1153 417 1187 486 οἱ
1211 419 1265 486 ἐπὶ

92 528 338 614 συκοφαντίαί)
367 534 546 611 κομῶντες.
580 529 713 592 τίθεται
742 525 792 604 δέ,
820 540 938 609 φασιν,
965 517 985 613 ἦ
1014 525 1101 608 λέξις
1128 528 1187 592 καὶ
1210 525 1265 592 ἐπὶ

91 641 152 699 τοῦ
171 632 299 697 είκαίου
317 634 373 697 καί
391 625 533 720 μηδενός
551 626 656 714 άξίου.
681 633 926 717 κωμῳδοῦνται
950 632 996 712 δέ,
1022 649 1115 715 φασι,
1140 635 1199 698 καὶ
1219 633 1264 710 είς

90 741 257 823 μαλακίαν
281 737 313 804 oi
336 747 394 825 τῆς
412 732 556 820 Ἀβύδου.
591 741 819 815 Παυσανίας
842 738 877 802 δὲ
897 739 954 802 καί
972 740 1159 824 παροιμίαν
1177 735 1264 804 εἶναι

64 845 176 930 ελέγει
203 836 251 933 μὴ
280 845 363 931 εἰκῆ
391 838 452 932 τὴν
475 839 685 931 Ἄβυδονί),
713 834 733 928 ᾗ
762 841 925 928 ἐχρῶντό,
958 855 1076 932 φησιν,
1109 843 1167 911 ἐπὶ
1193 852 1265 910 τῶν

92 951 229 1017 εἰκαίαν
252 953 308 1016 καὶ
332 947 534 1036 οὐδαμινοόν.

181 1061 210 1123 3.
242 1059 416 1125 Eustath.
440 1081 469 1142 p.
496 1058 594 1134 1854,
621 1059 660 1123 18
690 1058 774 1144 (arte
802 1056 950 1123 cohaeret
976 1078 1048 1122 cum
1076 1058 1114 1123 fr.
1142 1057 1185 1144 1.)
1209 1048 1264 1121 03-

91 1189 140 1231 τω
167 1175 287 1246 κεῖται,
315 1157 361 1242 ὡς
389 1157 407 1230 ὃ
436 1155 538 1241 αὐτὸς
565 1159 812 1247 Διονύσιοςί)
840 1163 942 1248 λέγει,
971 1164 1027 1228 καὶ
1053 1154 1148 1249 παρά
1170 1165 1264 1228 Θεο-

91 1268 235 1356 πόμπῳ
259 1272 396 1358 (θησεῑ
417 1271 455 1338 f.
475 1271 511 1357 2)
536 1262 750 1356 άβυρτάκη·
779 1263 970 1355 ὑπότριμμά
997 1292 1031 1334 τι
1059 1261 1160 1356 δριμὺ
1184 1274 1264 1355 βαρ-

53 1399 78 1436 10
91 1370 232 1464 βαρικὸν
257 1370 310 1442 διά
333 1373 475 1462 πράσων
499 1379 556 1442 καὶ
574 1371 756 1462 καρδάμων
775 1377 832 1440 καὶ
855 1371 991 1441 κόκκων
1010 1371 1092 1461 ῥόας
1114 1376 1174 1441 καί
1198 1371 1264 1440 ἑτέ-

93 1507 163 1569 ρων
187 1479 363 1549 τοιούτων.
389 1485 469 1569 φησὶ
491 1491 575 1566 γοῦν
599 1483 654 1569 (sc.
673 1480 911 1568 Theopompus)

252 1581 322 1673 ἥξει
345 1589 381 1655 δὲ
404 1585 533 1676 Μήδων
555 1601 664 1673 γαῖαν,
688 1585 774 1655 ἔνθα
797 1583 980 1675 καρδάμων

251 1696 421 1761 πλείστων
443 1705 590 1760 ποιεῖται
612 1697 669 1760 καὶ
691 1691 834 1781 πράσων
857 1686 1036 1780 άβυρτάκη.

93 1803 322 1878 Παυσανίας
351 1801 386 1867 δε
414 1802 470 1866 καὶ
498 1793 566 1867 άπδ
596 1800 763 1879 σιναπέως
790 1803 847 1866 καὶ
876 1802 1050 1882 σταφίδων
1073 1795 1161 1866 εἷναί
1186 1817 1266 1888 φησι

54 1929 80 1968 15
94 1899 132 1974 τό
144 1915 202 1994 τῆς
213 1900 401 1994 α’βυρτάκης
411 1900 612 1992 ὑπότριμμα,
627 1896 721 1993 piacl
731 1899 817 1993 πρὸς
826 1908 1056 1990 κοιλιολυσίαν
1067 1905 1219 1992 ἐχρῶντο
1228 1908 1264 1994 ²).

182 2015 212 2080 4.
236 2013 411 2079 Eustath.
426 2037 456 2098 p.
476 2015 569 2095 1384,
580 2013 631 2079 50.
655 2015 753 2079 verba
771 2020 841 2080 arte
860 2014 1030 2080 cohaerent
1049 2035 1122 2078 cnm
1139 2013 1179 2080 fr.
1193 2014 1264 2080 127.

94 2122 175 2198 Δίες.
192 2159 236 2168 -
254 2119 421 2186 Philoxeni
431 2120 457 2207 1)
476 2121 624 2186 doctrina
641 2121 759 2204 inepta,
782 2142 838 2185 cur
861 2112 990 2204 ἀγαθός
1008 2141 1112 2203 neque
1136 2141 1264 2206 compa-

182 2327 406 2404 ἻἈβυδοκόμας
422 2332 518 2387 eodem
534 2335 614 2388 modo
632 2332 789 2402 explicatur
806 2333 841 2386 ab
859 2332 925 2386 Hes.
941 2331 1007 2386 Zen.
1027 2333 1049 2399 1,
1062 2333 1088 2387 2.
1105 2331 1180 2387 Mill.
1199 2333 1265 2390 Mel.

92 2432 119 2491 p.
138 2422 198 2478 356.
224 2414 310 2476 ἔνθεν
330 2416 528 2491 Ἀριστοφάνης
546 2420 589 2490 (fr.
609 2422 667 2476 733.
686 2415 846 2489 Κοο1ι)τὸν
869 2414 1052 2490 συκοφάντην
1076 2417 1267 2492 Ἀβυδοκόμην

94 2507 179 2580 λέγει.
217 2510 304 2580 Quam
319 2513 422 2582 χρῆσιν
441 2515 469 2564 et
487 2514 601 2580 propter
619 2526 712 2565 raram
728 2510 803 2564 vocis
822 2509 938 2564 formam
956 2516 986 2563 et
1004 2513 1169 2580 propterea,
1194 2512 1267 2581 quod

93 2599 256 2655 Eustathius
275 2599 424 2670 Abydenos
442 2601 647 2672 κωμῳδεῖσθαι
666 2598 746 2669 dixit,
766 2600 802 2653 ad
819 2597 985 2654 Pausaniam
1003 2598 1110 2654 referre
1129 2601 1230 2656 ausim.
1326 2588 1328 2591 ¹

183 2687 204 2754 8)
224 2688 264 2744 ef.
277 2689 381 2743 Zenob.
395 2689 514 2757 glossam
527 2704 548 2742 s.
562 2687 581 2743 f.
609 2690 653 2742 An
666 2686 843 2757 proverbium
857 2682 1004 2758 Ἀβυδηνὸν
1017 2682 1185 2758 ἐπιφόρημα
1205 2705 1268 2744 eum

94 2777 206 2832 Nabero
219 2794 245 2846 p.
257 2778 316 2831 166.
328 2782 357 2832 et
368 2776 564 2833 Wamkrossio
576 2794 603 2846 p.
619 2778 661 2832 33.
674 2780 730 2831 not.
742 2778 784 2831 65.
797 2775 952 2831 Pausaniae
965 2775 1144 2832 tribuendum
1157 2776 1204 2845 sit,
1217 2779 1267 2834 dn·

95 2865 169 2920 bium
193 2868 242 2920 est.
276 2865 441 2935 Corruptum
460 2881 521 2920 esse
539 2866 707 2920 Warnkross
725 2865 743 2917 l.
763 2864 781 2919 l.
802 2863 912 2919 Orosius
932 2865 1013 2919 Anal.
1034 2865 1096 2920 crit.
1115 2883 1142 2936 p.
1163 2867 1198 2922 58
1218 2866 1266 2922 de-

95 2957 328 3022 monstraverunt,
348 2971 409 3008 cnm
430 2954 580 3024 explicatio
598 2953 711 3009 minime
732 2953 769 3008 sit
788 2956 855 3021 apta
873 2953 1026 3022 proverbio.
1064 2955 1183 3011 Rectam
1201 2973 1266 3025 pro·

94 3042 160 3096 tulit
179 3041 254 3096 Suid.
270 3047 298 3096 et
317 3043 420 3096 Zenob.
433 3042 525 3111 priore
544 3043 652 3110 glossae
670 3045 760 3111 parte.
792 3041 919 3096 Alterum
931 3042 1034 3097 lemma
1048 3033 1161 3114 Ἄβυδος
1174 3036 1201 3099 εί
1217 3061 1265 3100 ex·

96 3130 195 3186 cidisse
214 3132 289 3200 apud
307 3130 458 3185 Zenobiam
479 3129 590 3185 Orosius
610 3136 713 3186 censet.
733 3132 799 3185 Hes.
819 3146 884 3185 vero
903 3133 1049 3198 utramque
1068 3131 1191 3198 glossam
1208 3137 1266 3189 tam

94 3219 196 3274 misere
215 3219 364 3285 contraxit,
383 3225 414 3272 ut
432 3218 468 3273 ad
483 3221 602 3273 alterum
616 3219 718 3274 lemma
732 3220 823 3274 altera
837 3218 989 3288 explicatio
1003 3219 1181 3276 adhibeatur.

182 3309 205 3372 4)
223 3307 402 3361 Proverbium
421 3323 438 3363 a
456 3307 594 3362 Pausania
612 3310 756 3363 laudatum
774 3309 962 3364 tantummodo
981 3309 1056 3379 apud
1074 3308 1156 3379 Βίας.
1170 3311 1218 3368 VI.
1231 3313 1266 3368 53

94 3396 189 3464 steph.
202 3397 267 3466 Byz.
283 3413 303 3449 s.
319 3413 344 3451 v.
357 3388 467 3466 Ἄβυδος
479 3397 523 3465 (=
536 3397 665 3452 Eustath.
680 3399 716 3452 ad
735 3397 814 3466 Diog.
826 3398 935 3466 Perieg.
949 3398 1010 3467 513)
1029 3397 1157 3455 iteratur.

138 3486 163 3539 3.
183 3485 205 3552 1)
225 3484 351 3555 Dionysii
370 3485 455 3540 verba
469 3485 568 3541 Suidas
587 3503 649 3540 cum
667 3486 826 3541 testimonio
841 3487 1013 3556 Theopompi
1031 3488 1137 3557 repetit
1154 3491 1186 3544 et
1204 3484 1266 3544 ἐστὶ

94 3571 124 3626 δὲ
143 3574 193 3627 καί
212 3568 243 3626 ἐν
262 3568 444 3645 Κεκρυφάλῳ
464 3569 635 3645 Μενάνδρου
654 3574 697 3645 (fr.
715 3576 787 3640 280.)
809 3574 903 3630 adicit.
923 3569 992 3646 βόας
1008 3576 1053 3630 vel
1070 3573 1152 3647 ῥοιᾶς
1168 3577 1266 3647 (Suis)

94 3677 148 3717 non
172 3658 252 3732 ῥοᾶς,
276 3665 307 3717 nt
330 3662 432 3719 Rindfl.
451 3661 484 3718 ir.
505 3665 530 3717 3.
553 3663 673 3732 placuit,
693 3664 869 3718 scribendum
888 3667 931 3718 est
954 3663 989 3719 ci.
1002 3663 1081 3719 Hom.
1094 3663 1191 3734 hymn.
1204 3666 1264 3722 Ger.

95 3751 155 3804 372.
174 3751 234 3806 412.
251 3782 287 3791 -
306 3752 396 3807 Schol.
410 3753 476 3807 Luc.
490 3752 542 3806 vol.
557 3752 603 3806 IV.
617 3769 643 3822 p.
659 3753 718 3807 151.
738 3753 798 3807 Jac.
812 3751 897 3807 etiam
915 3753 948 3807 A.
962 3751 996 3806 D.
1009 3751 1137 3821 sequitur
1153 3755 1199 3810 his
1216 3756 1265 3810 atl-

95 3838 173 3893 ditis:
202 3835 440 3912 Νυμφόδωρος
467 3839 497 3895 δὲ
522 3837 558 3895 ἐν
580 3841 684 3914 τρίτῳ
708 3843 935 3912 βαρβαρικῶν
957 3835 1073 3908 νόμων
1097 3843 1198 3911 φησίν,
1228 3838 1266 3908 ὥς

95 3929 202 4000 λυτικῷ
220 3932 270 3997 τῆς
288 3930 396 3993 κοιλίας
412 3932 540 4000 χρῆσθαι
559 3924 652 4002 τοότφ
670 3926 738 3993 τοὺς
755 3919 926 4000 βαρβάρους.

185 4017 207 4084 ²)
225 4018 425 4073 Pausaniam
438 4019 561 4087 seqnitur
573 4021 604 4074 B.
619 4021 653 4073 A.
667 4020 727 4084 323,
740 4020 783 4084 26,
803 4019 853 4072 sed
866 4017 1031 4074 testimoniis
1045 4019 1220 4091 Theopompi
1236 4025 1266 4076 et

96 4105 245 4160 Menandri
263 4106 388 4163 adiectis.
421 4107 534 4163 Glosaas
552 4107 693 4176 utriusque
712 4106 853 4162 atticistae
876 4107 987 4177 saepius
1010 4108 1109 4164 iisdem
1126 4103 1265 4181 χρήσεων
1285 4173 1293 4194 0

95 4193 145 4260 uti,
164 4195 220 4249 iam
239 4195 347 4251 videbis
366 4213 387 4251 s.
401 4214 425 4251 v.
443 4192 540 4252 αίνειν.
563 4196 608 4251 Et.
621 4197 659 4250 M.
679 4197 703 4265 5,
724 4198 747 4251 1.
768 4220 802 4240 =
822 4197 853 4251 B.
871 4199 904 4251 A.
917 4197 935 4251 l.
948 4199 976 4267 l.,
996 4200 1046 4253 sed
1064 4199 1166 4255 omisso
1185 4198 1265 4255 testi·

95 4282 186 4338 monio
205 4286 235 4338 et
251 4285 369 4340 adiectis
389 4285 480 4340 verbis
498 4287 548 4340 καί
566 4279 803 4355 άβυρτακοποιός.

139 4372 165 4426 4.
184 4373 205 4441 1)
223 4371 268 4427 Et.
288 4371 380 4429 Orion.
400 4390 427 4443 p.
447 4375 489 4440 29,
509 4376 534 4428 1.
554 4373 588 4430 cl.
603 4391 630 4444 p.
647 4375 674 4443 1,
694 4375 719 4428 1.
739 4373 832 4430 Aliam
850 4374 1066 4445 explicationem
1086 4371 1211 4448 (ἀγαθὸς
1228 4377 1264 4434 ab
