3000 5040
647 185 710 249 120

89 355 203 420 τικοῖς.
236 345 465 421 Παυσανίας
488 331 551 409 οὖν
574 361 691 431 φησιν,
719 333 773 409 ότι
795 334 958 430 ύρριχος
984 336 1129 425 κόφινος
1152 337 1262 428 ἐπιτή-

91 451 178 528 δειος
201 448 248 526 είς
272 443 474 536 συγκομιδήν
498 455 691 533 σταφυλῶν.

181 556 231 621 77.
264 557 408 622 Hellad.
427 578 476 640 ap.
495 557 586 623 Phot.
606 558 689 624 Bibl.
708 580 737 642 p.
757 557 848 623 532a
867 557 918 622 22.
936 555 1037 622 Baka
1064 547 1121 622 ότι
1138 548 1179 624 τό
1199 548 1261 642 όρ-

88 657 310 748 χέτυπόνῑ),
333 681 446 745 φασιν,
470 655 585 729 ούδενὶ
608 670 679 728 τῶν
698 656 845 749 ἀρχαίων
868 661 1089 749 συγγραφέων
1107 655 1188 729 ούδὲ
1206 660 1261 750 ρη-

63 767 203 857 ιτόρων
226 763 305 836 σύδε
328 777 398 836 τῶν
422 766 572 848 Μούσαις
596 765 751 855 κατόχων
774 769 915 857 είρηται,
939 761 986 848 ὡς
1008 766 1221 848 Διονύσιος
1243 762 1261 836 ό

85 869 412 963 Ἁλικαρνασσεύς
435 875 569 963 ίστορεῖ.

180 985 230 1050 78.
263 984 435 1051 Eustath.
455 1006 484 1067 p.
506 984 580 1062 782,
598 982 650 1048 52.
684 985 864 1070 οημείωσαι
883 982 919 1048 δὲ
942 972 995 1050 ότι
1018 983 1184 1070 παροιμία
1207 981 1262 1066 φέ-

90 1115 182 1178 ρεται
205 1083 274 1157 ἀπὸ
297 1098 354 1178 τῆς
376 1087 481 1177 νήσου
504 1085 643 1175 Σκύρου
666 1082 706 1156 τό
729 1082 850 1176 ,σίρχή
873 1089 1089 1178 masolam)
1113 1087 1170 1157 έπὶ
1193 1095 1261 1154 τῶν

90 1191 237 1263 εὐτελῶν
261 1198 317 1262 καὶ
334 1197 438 1284 μηδὲν
457 1196 626 1274 λυσιτελὲς
650 1191 808 1280 ἐχόντων,
831 1188 899 1262 α’πδ
927 1195 1062 1283 Θησέως
1084 1200 1262 1285 ληφθεῖσα,

50 1333 76 1373 ro
90 1295 137 1382 δίς
159 1322 241 1391 φησι
263 1304 507 1384 Παυσανίας,
536 1295 650 1389 ἐπειδὴ
679 1302 880 1388 ἐπιθέμενος
901 1309 942 1386 τῇ
965 1299 1189 1391 Λυκομήδους
1208 1295 1262 1389 σίρ-

87 1419 129 1496 χή
152 1412 209 1476 καὶ
232 1418 360 1497 πειρῶν
382 1401 444 1496 τήν
467 1422 609 1495 γυναῖκα
633 1409 764 1475 ἐκείνου
783 1411 1103 1497 κατακρημνισθείη,
1128 1403 1191 1495 [ὡς
1208 1411 1263 1476 καὶ

90 1514 284 1603 Λυκόφρων
312 1520 352 1600 (v.
379 1517 480 1604 1324)
504 1519 609 1604 ppei}
645 1516 732 1602 λέγει
760 1516 797 1583 δε
824 1518 881 1582 καὶ
910 1507 963 1583 ότι
997 1509 1264 1604 ὀστρακισθῆναι

90 1632 230 1711 πρῶτον
248 1615 406 1710 Ἀθήνησι
428 1623 537 1710 Θησέα
561 1620 688 1709 ίστσρεϊ
711 1617 928 1708 θεόφραστος
955 1622 1008 1710 (fr.
1030 1623 1105 1691 131.
1124 1623 1264 1710 Wimm.)

181 1732 230 1796 79.
264 1729 434 1795 Eustath.
453 1753 482 1814 p.
505 1729 599 1806 1595,
618 1729 669 1794 37.
697 1730 754 1794 καὶ
773 1725 890 1814 νόμων
909 1729 945 1796 δὲ
966 1728 1164 1818 ἐπιμεληταὶ
1181 1718 1265 1818 ἦσαν

52 1863 77 1904 ro
92 1837 129 1903 έν
152 1829 305 1923 Ἀθήναις
333 1833 369 1917 ἓξ
396 1828 458 1901 τὸν
486 1827 634 1921 ἀριθμόν
662 1834 695 1901 οἱ
723 1837 780 1901 καὶ
808 1837 1016 1922 θεσμοθέται
1039 1832 1265 1923 κυριεύσντές,

92 1959 202 2027 φασι,
224 1949 286 2008 τοῦ
306 1938 452 2024 δικάζειν
471 1944 528 2008 καὶ
543 1955 759 2028 χειροτονεῖν.
784 1941 854 2008 ἐκεῖ
872 1943 907 2009 δὲ
930 1945 987 2009 καὶ
1009 1937 1173 2031 ἄρχοντες
1196 1941 1265 2011 έτε-

91 2074 145 2137 ροι
171 2046 290 2115 ένδεκα
318 2045 572 2134 ἐπιμελούμενοι
598 2062 669 2128 τοῖς
697 2048 734 2115 έν
763 2051 977 2136 δεσμωτηρίῳ
1005 2052 1064 2116 καὶ
1091 2046 1268 2138 ένήγοντό,

92 2173 226 2251 φασιν,
250 2154 306 2222 ἐπὶ
326 2148 389 2243 τήν
408 2148 512 2243 όρχήν
534 2152 661 2242 ταύτην
684 2156 825 2222 κλέπται
847 2179 884 2222 τε
907 2157 965 2222 καὶ
988 2148 1266 2243 ἀνδραποδισταὶ.

90 2269 161 2329 τούν
185 2263 221 2329 δὲ
245 2260 423 2350 ῥηθέντων
445 2256 622 2350 Ἀθήνησιν
650 2262 748 2329 ἐννέα
776 2256 952 2350 ἄρχόντων
979 2254 1078 2330 κατὰ
1107 2265 1267 2330 Παυσα-

51 2371 180 2436 ωνίαν
202 2384 290 2456 τρεῖς
312 2370 373 2454 μὲν
392 2358 487 2457 ήσαν,
511 2363 634 2454 όίρχων,
656 2369 876 2457 πολέμαρχος,
898 2372 956 2437 καὶ
978 2367 1147 2453 βασιλεύς·
1172 2368 1207 2437 οἱ
1231 2371 1267 2436 δὲ

92 2475 128 2559 ἓξ
150 2478 358 2562 θεσμοθέται
368 2478 403 2562 ¹).

137 2711 179 2765 77.
198 2712 220 2778 ¹)
239 2708 273 2765 ef.
293 2709 358 2764 Has.
378 2704 545 2779 ἀρχέτυπον.
565 2702 766 2778 πρωτότοκον,
786 2703 840 2777 ἀφ’
860 2699 894 2764 οὗ
913 2711 1000 2764 πᾶσιν
1019 2701 1035 2764 ὃ
1054 2702 1151 2774 τύπος.
1189 2710 1265 2766 Suid.

92 2794 258 2870 ἅρχέτυπος.
277 2793 474 2868 πρωτότοκον.
502 2798 551 2850 καί
570 2793 736 2867 ἀρχέτυπος.
757 2790 772 2850 ὃ
792 2793 842 2865 τήν
861 2793 951 2868 ἀρχήν
969 2793 1070 2862 διδούς.
1098 2798 1130 2853 Β.
1150 2799 1184 2853 A
1204 2798 1266 2863 449,

94 2890 134 2943 13.
148 2917 182 2928 -
200 2887 295 2943 Nabar
309 2886 381 2942 Prol.
394 2904 420 2954 p.
436 2885 487 2941 186
502 2884 556 2939 etsi
575 2885 609 2940 de
623 2883 754 2955 Dionysio
773 2885 899 2941 attioista
917 2887 1097 2941 vehementer
1116 2885 1265 2953 dubitavit,

92 2983 186 3032 tamen
203 2975 327 3030 Helladii
344 2975 434 3029 locum
453 2990 507 3029 non
525 2973 708 3028 omittendum
727 2989 787 3028 esso
807 2973 972 3030 existimavi.

136 3066 178 3120 78.
197 3063 220 3133 ¹)
240 3063 363 3119 Clariora
385 3062 491 3133 profert
509 3062 584 3118 Suid.
603 3077 624 3118 s.
644 3079 668 3116 v.
689 3057 759 3133 υίρχή
780 3063 900 3133 Σαυρία.
929 3060 1053 3119 ἐπὶτῶν
1072 3059 1199 3120 εύτελῶν
1217 3065 1266 3119 καί

91 3150 180 3222 μηδὲν
202 3150 347 3216 λυσιτελές
371 3146 506 3221 ἐχόντων,
532 3145 662 3221 παρόσον
685 3147 831 3221 πετρώδης
854 3155 904 3208 καί
926 3148 1019 3224 λυπρὰ
1041 3155 1091 3208 καὶ
1114 3151 1161 3209 διὰ
1179 3156 1267 3210 τοῦτο

91 3236 211 3311 πενιχρὰ
234 3233 251 3308 ἡ
275 3242 389 3311 Σκῦρος
410 3243 455 3306 (==
480 3240 583 3294 Zenob.
602 3241 624 3295 I.
644 3240 687 3295 32.
706 3239 782 3308 Hes.)
806 3236 889 3296 οὐδέν
912 3239 1041 3313 φέρουσα
1064 3237 1154 3313 λόγου
1176 3238 1267 3310 ἄξιον.

92 3325 124 3384 ολ
147 3326 181 3384 δὲ
205 3323 262 3383 ἀπὸ
293 3325 421 3397 Θησέως,
450 3315 494 3382 ότι
517 3330 575 3381 κτλ.
595 3352 630 3373 =
649 3327 726 3383 Eust.
746 3331 763 3385 l.
783 3330 802 3384 l.
822 3330 871 3385 ssd
893 3330 1083 3402 Lycophronis
1107 3331 1267 3389 testimonio

91 3417 191 3473 omisso
216 3421 244 3472 et
267 3417 317 3472 sub
341 3416 424 3471 finem
446 3415 542 3471 addito
569 3411 754 3488 Θεόφραστος
783 3415 814 3473 έν
838 3427 896 3484 τοῖς
920 3415 1045 3491 πρώτοις
1072 3426 1193 3493 καιροῖς.
1231 3421 1267 3478 σί.

92 3507 182 3562 MoIer
206 3506 275 3576 Opp.
295 3507 330 3561 11.
351 3508 393 3562 91.
430 3506 507 3561 Duas
530 3506 616 3576 igitur
640 3506 841 3576 explicationes
864 3510 1019 3566 Pausaniae
1043 3513 1157 3579 praesto
1181 3510 1267 3566 fuisse

93 3600 121 3652 et
139 3595 286 3650 seiunctim
305 3595 445 3651 adhibitas
465 3611 526 3651 esse
545 3595 635 3663 vides,
661 3613 732 3666 quaa
752 3597 810 3651 sola
828 3597 971 3653 Eustathii
990 3597 1116 3654 sooordIa
1134 3599 1165 3654 In
1183 3615 1269 3657 anam

92 3685 212 3742 conflata
230 3690 302 3741 sunt.
338 3685 491 3755 Utramque
514 3685 665 3754 repetitam
683 3685 769 3740 habas
789 3684 818 3740 in
837 3686 895 3741 eod.
915 3687 974 3742 Pal.
993 3688 1014 3742 I.
1035 3688 1059 3742 1.
1079 3704 1126 3758 ap.
1146 3687 1223 3744 (irus.
1237 3688 1267 3743 in

91 3776 190 3831 Philol.
209 3791 270 3831 nov.
291 3789 344 3830 ser.
364 3776 385 3830 Ι.
404 3791 430 3844 p.
452 3775 511 3830 195.
531 3774 566 3830 cf.
586 3793 613 3845 p.
632 3776 693 3829 206.
730 3775 845 3830 Lemma
872 3775 1012 3844 proverbii
1040 3792 1084 3846 ap.
1108 3775 1181 3832 Mill.
1200 3776 1267 3834 Mel.

92 3881 120 3934 p.
135 3866 195 3920 371.
211 3895 245 3903 -
264 3863 361 3920 Simile
380 3862 434 3918 inii
451 3863 628 3932 proverbium
642 3862 752 3934 Σαυρία
772 3864 843 3933 δίκη,
864 3865 936 3932 quod
955 3867 985 3919 ei
1002 3865 1094 3934 ipsum
1112 3866 1149 3921 ‹io
1163 3865 1267 3922 Thesei

93 3951 147 4007 fuit
166 3952 259 4018 eximo,
280 3952 314 4008 ef.
330 3952 396 4006 Has.
412 3969 432 4007 a.
448 3970 472 4006 v.
487 3982 523 3992 —
536 3953 582 4007 An
598 3953 633 4008 ad
648 3953 765 4007 eandem
784 3952 919 4022 originem
937 3953 1097 4010 reducenda
1115 3953 1173 4010 sint
1186 3954 1265 4011 Pnot.

94 4040 168 4096 snio.
182 4055 203 4095 s.
216 4057 250 4106 a,
269 4042 336 4096 Poll.
352 4041 425 4097 VIII.
440 4042 482 4096 81.
502 4040 547 4111 (cI.
562 4042 776 4098 Maior-Schom.
792 4043 850 4096 Att.
870 4043 947 4098 Proc.
967 4042 1010 4098 ad.
1029 4041 1143 4113 LIpsius
1162 4060 1189 4114 p.
1204 4043 1265 4100 908.

93 4131 149 4184 not.
168 4128 240 4198 407.)
259 4129 372 4184 dubium
391 4134 442 4184 est.

139 4217 181 4271 79.
203 4217 223 4283 ¹)
241 4217 396 4274 Pausaniae
421 4219 560 4286 doctrina,
585 4235 655 4289 qnae
676 4225 773 4276 eontra
791 4236 869 4275 usum
888 4235 1059 4276 communem
1077 4225 1183 4291 pugnat
1201 4219 1265 4290 (nisi

94 4305 218 4360 ordinem
231 4299 378 4376 ἀρχόντων
390 4308 530 4364 turbatum
541 4309 672 4379 episeopo
682 4308 836 4365 attribuere
846 4309 952 4379 mavis),
965 4308 1034 4366 alibi
1047 4305 1197 4376 αύτολεξεί
1207 4323 1261 4366 non
