<?xml version="1.0" encoding="UTF-8"?>
<!DOCTYPE html PUBLIC "-//W3C//DTD XHTML 1.0 Transitional//EN"
    "http://www.w3.org/TR/xhtml1/DTD/xhtml1-transitional.dtd">
<html xmlns="http://www.w3.org/1999/xhtml" xml:lang="en" lang="en">
 <head>
  <title>
</title>
<meta http-equiv="Content-Type" content="text/html;charset=utf-8" />
  <meta name='ocr-system' content='tesseract 3.04.00' />
  <meta name='ocr-capabilities' content='ocr_page ocr_carea ocr_par ocr_line ocrx_word'/>
</head>
<body>
  <div class='ocr_page' id='page_1' title='image "./aeliidionysiiet00pausgoog_0127.png"; bbox 0 0 3000 5040; ppageno 0'>
   <div class='ocr_carea' id='block_1_1' title="bbox 754 234 817 299">
    <p class='ocr_par' dir='ltr' id='par_1_1' title="bbox 754 234 817 299">
     <span class='ocr_line' id='line_1_1' title="bbox 754 234 817 299; baseline 0 -1"><span class='ocrx_word' id='word_1_1' title='bbox 754 234 817 299; x_wconf 81' lang='lat'><strong><em>112</em></strong></span> 
     </span>
    </p>
   </div>
   <div class='ocr_carea' id='block_1_2' title="bbox 158 383 1368 2504">
    <p class='ocr_par' dir='ltr' id='par_1_2' title="bbox 197 383 1362 480">
     <span class='ocr_line' id='line_1_2' title="bbox 197 383 1362 480; baseline -0.002 -20"><span class='ocrx_word' id='word_1_2' title='bbox 197 403 265 473; x_wconf 84' lang='grc' dir='ltr'><strong><em>κῶς</em></strong></span> <span class='ocrx_word' id='word_1_3' title='bbox 278 387 370 480; x_wconf 80' lang='grc' dir='ltr'><strong><em>παρὰ</em></strong></span> <span class='ocrx_word' id='word_1_4' title='bbox 384 401 434 478; x_wconf 80' lang='grc' dir='ltr'><strong><em>τῶ</em></strong></span> <span class='ocrx_word' id='word_1_5' title='bbox 449 386 618 479; x_wconf 81' lang='grc' dir='ltr'><strong><em>Ἡροδότῳ</em></strong></span> <span class='ocrx_word' id='word_1_6' title='bbox 637 394 695 458; x_wconf 83' lang='grc' dir='ltr'><strong><em>καὶ</em></strong></span> <span class='ocrx_word' id='word_1_7' title='bbox 716 393 907 475; x_wconf 75' lang='grc' dir='ltr'><em>Θουκυδίδῃ</em></span> <span class='ocrx_word' id='word_1_8' title='bbox 921 391 1004 479; x_wconf 83' lang='grc' dir='ltr'><strong><em>φησὶ</em></strong></span> <span class='ocrx_word' id='word_1_9' title='bbox 1016 393 1075 457; x_wconf 79' lang='grc' dir='ltr'><strong><em>καί</em></strong></span> <span class='ocrx_word' id='word_1_10' title='bbox 1093 383 1148 457; x_wconf 84' lang='grc' dir='ltr'><strong><em>ότι</em></strong></span> <span class='ocrx_word' id='word_1_11' title='bbox 1166 383 1362 478; x_wconf 57' lang='grc' dir='ltr'><strong><em>ύνύκειαί)</em></strong></span> 
     </span>
    </p>

    <p class='ocr_par' dir='ltr' id='par_1_3' title="bbox 197 492 1362 588">
     <span class='ocr_line' id='line_1_3' title="bbox 197 492 1362 588; baseline -0.002 -22"><span class='ocrx_word' id='word_1_12' title='bbox 197 493 296 588; x_wconf 70' lang='grc' dir='ltr'><strong><em>ἑορτὴ</em></strong></span> <span class='ocrx_word' id='word_1_13' title='bbox 317 496 531 586; x_wconf 91' lang='grc' dir='ltr'><strong><em>διοοκούροιν</em></strong></span> <span class='ocrx_word' id='word_1_14' title='bbox 550 493 692 566; x_wconf 83' lang='grc' dir='ltr'><strong><em>όνακοῑν</em></strong></span> <span class='ocrx_word' id='word_1_15' title='bbox 711 492 758 577; x_wconf 83' lang='grc' dir='ltr'><strong><em>ῶς</em></strong></span> <span class='ocrx_word' id='word_1_16' title='bbox 781 509 913 582; x_wconf 77' lang='grc' dir='ltr'><em>σοφοῖν.</em></span> <span class='ocrx_word' id='word_1_17' title='bbox 937 498 1185 587; x_wconf 59' lang='grc' dir='ltr'><strong><em>τριττνὶανῡ)</em></strong></span> <span class='ocrx_word' id='word_1_18' title='bbox 1208 499 1258 580; x_wconf 87' lang='grc' dir='ltr'><strong><em>δέ,</em></strong></span> <span class='ocrx_word' id='word_1_19' title='bbox 1279 516 1362 586; x_wconf 93' lang='grc' dir='ltr'><strong><em>φησι,</em></strong></span> 
     </span>
    </p>

    <p class='ocr_par' dir='ltr' id='par_1_4' title="bbox 196 599 1363 695">
     <span class='ocr_line' id='line_1_4' title="bbox 196 599 1363 695; baseline -0.002 -21"><span class='ocrx_word' id='word_1_20' title='bbox 196 600 258 695; x_wconf 80' lang='grc' dir='ltr'><strong><em>τὴν</em></strong></span> <span class='ocrx_word' id='word_1_21' title='bbox 286 610 411 674; x_wconf 77' lang='grc' dir='ltr'><strong><em>θυσίαν</em></strong></span> <span class='ocrx_word' id='word_1_22' title='bbox 438 603 564 694; x_wconf 88' lang='grc' dir='ltr'><strong><em>ταύτην</em></strong></span> <span class='ocrx_word' id='word_1_23' title='bbox 592 603 679 672; x_wconf 89' lang='grc' dir='ltr'><strong><em>είναι</em></strong></span> <span class='ocrx_word' id='word_1_24' title='bbox 706 608 894 691; x_wconf 74' lang='grc' dir='ltr'><strong><em>συμβαίνει,</em></strong></span> <span class='ocrx_word' id='word_1_25' title='bbox 927 600 1139 692; x_wconf 90' lang='grc' dir='ltr'><strong><em>διοσκούροις</em></strong></span> <span class='ocrx_word' id='word_1_26' title='bbox 1166 606 1227 672; x_wconf 86' lang='grc' dir='ltr'><strong><em>καὶ</em></strong></span> <span class='ocrx_word' id='word_1_27' title='bbox 1248 599 1363 690; x_wconf 72' lang='grc' dir='ltr'><strong><em>&lt;ίίλένη,</em></strong></span> 
     </span>
    </p>

    <p class='ocr_par' dir='ltr' id='par_1_5' title="bbox 170 704 1362 906">
     <span class='ocr_line' id='line_1_5' title="bbox 198 704 1362 801; baseline -0.003 -20"><span class='ocrx_word' id='word_1_28' title='bbox 198 707 245 781; x_wconf 80' lang='grc' dir='ltr'><strong><em>δι’</em></strong></span> <span class='ocrx_word' id='word_1_29' title='bbox 268 704 309 801; x_wconf 76' lang='grc' dir='ltr'><strong><em>ἣν</em></strong></span> <span class='ocrx_word' id='word_1_30' title='bbox 338 713 384 792; x_wconf 84' lang='grc' dir='ltr'><strong><em>εἰς</em></strong></span> <span class='ocrx_word' id='word_1_31' title='bbox 410 706 473 801; x_wconf 80' lang='grc' dir='ltr'><strong><em>τὴν</em></strong></span> <span class='ocrx_word' id='word_1_32' title='bbox 494 705 644 800; x_wconf 75' lang='grc' dir='ltr'><strong><em>Ἀττικὴν</em></strong></span> <span class='ocrx_word' id='word_1_33' title='bbox 668 709 869 799; x_wconf 79' lang='grc' dir='ltr'><strong><em>ἐμβαλόντες</em></strong></span> <span class='ocrx_word' id='word_1_34' title='bbox 893 711 1018 779; x_wconf 81' lang='grc' dir='ltr'><strong><em>ἐκείνοι</em></strong></span> <span class='ocrx_word' id='word_1_35' title='bbox 1041 705 1106 778; x_wconf 88' lang='grc' dir='ltr'><strong><em>ούκ</em></strong></span> <span class='ocrx_word' id='word_1_36' title='bbox 1127 705 1294 801; x_wconf 74' lang='grc' dir='ltr'><strong><em>ἠδίκησαν</em></strong></span> <span class='ocrx_word' id='word_1_37' title='bbox 1315 705 1362 778; x_wconf 87' lang='grc' dir='ltr'><strong><em>ού-</em></strong></span> 
     </span>
     <span class='ocr_line' id='line_1_6' title="bbox 170 820 577 906; baseline -0.005 -19"><span class='ocrx_word' id='word_1_38' title='bbox 170 821 281 888; x_wconf 55' lang='lat' dir='ltr'><strong><em>serva</em></strong></span> <span class='ocrx_word' id='word_1_39' title='bbox 303 827 375 887; x_wconf 93' lang='grc' dir='ltr'><strong><em>τῶν</em></strong></span> <span class='ocrx_word' id='word_1_40' title='bbox 398 820 577 906; x_wconf 79' lang='grc' dir='ltr'><strong><em>ἐγχωρίων.</em></strong></span> 
     </span>
    </p>

    <p class='ocr_par' dir='ltr' id='par_1_6' title="bbox 196 917 1365 1334">
     <span class='ocr_line' id='line_1_7' title="bbox 285 917 1362 1012; baseline -0.003 -20"><span class='ocrx_word' id='word_1_41' title='bbox 285 928 337 992; x_wconf 81' lang='grc'><strong><em>57.</em></strong></span> <span class='ocrx_word' id='word_1_42' title='bbox 360 928 533 993; x_wconf 81' lang='lat' dir='ltr'><strong>Eustath.</strong></span> <span class='ocrx_word' id='word_1_43' title='bbox 551 951 581 1012; x_wconf 91' lang='lat' dir='ltr'><strong><em>p.</em></strong></span> <span class='ocrx_word' id='word_1_44' title='bbox 604 927 699 1004; x_wconf 81' lang='grc'><strong><em>1562,</em></strong></span> <span class='ocrx_word' id='word_1_45' title='bbox 718 927 759 992; x_wconf 86' lang='lat'><strong><em>37</em></strong></span> <span class='ocrx_word' id='word_1_46' title='bbox 771 927 806 1012; x_wconf 87' lang='lat'><strong><em>¹).</em></strong></span> <span class='ocrx_word' id='word_1_47' title='bbox 830 917 884 992; x_wconf 84' lang='grc' dir='ltr'><strong><em>δτι</em></strong></span> <span class='ocrx_word' id='word_1_48' title='bbox 908 925 944 991; x_wconf 78' lang='grc' dir='ltr'><strong><em>δέ</em></strong></span> <span class='ocrx_word' id='word_1_49' title='bbox 968 926 1149 1011; x_wconf 82' lang='grc' dir='ltr'><strong><em>φιλωτικοὶ</em></strong></span> <span class='ocrx_word' id='word_1_50' title='bbox 1173 932 1248 991; x_wconf 91' lang='grc' dir='ltr'><strong><em>τῶν</em></strong></span> <span class='ocrx_word' id='word_1_51' title='bbox 1270 926 1362 992; x_wconf 88' lang='grc' dir='ltr'><strong><em>δασυ-</em></strong></span> 
     </span>
     <span class='ocr_line' id='line_1_8' title="bbox 196 1022 1363 1120; baseline -0.004 -21"><span class='ocrx_word' id='word_1_52' title='bbox 196 1033 351 1118; x_wconf 84' lang='grc' dir='ltr'><strong><em>νομένων</em></strong></span> <span class='ocrx_word' id='word_1_53' title='bbox 369 1031 403 1099; x_wconf 87' lang='grc' dir='ltr'><strong><em>οί</em></strong></span> <span class='ocrx_word' id='word_1_54' title='bbox 415 1026 537 1113; x_wconf 79' lang='grc' dir='ltr'><strong><em>Ἴωνες,</em></strong></span> <span class='ocrx_word' id='word_1_55' title='bbox 561 1034 659 1120; x_wconf 85' lang='grc' dir='ltr'><strong><em>δηλοῖ</em></strong></span> <span class='ocrx_word' id='word_1_56' title='bbox 674 1034 731 1098; x_wconf 86' lang='grc' dir='ltr'><strong><em>καὶ</em></strong></span> <span class='ocrx_word' id='word_1_57' title='bbox 752 1025 793 1098; x_wconf 85' lang='grc' dir='ltr'><strong><em>τό</em></strong></span> <span class='ocrx_word' id='word_1_58' title='bbox 817 1028 1040 1110; x_wconf 79' lang='grc' dir='ltr'><em>λεύκιππος</em></span> <span class='ocrx_word' id='word_1_59' title='bbox 1057 1028 1263 1119; x_wconf 83' lang='grc' dir='ltr'><strong><em>Περσεφόνη</em></strong></span> <span class='ocrx_word' id='word_1_60' title='bbox 1280 1022 1363 1116; x_wconf 85' lang='grc' dir='ltr'><strong><em>παρὰ</em></strong></span> 
     </span>
     <span class='ocr_line' id='line_1_9' title="bbox 196 1127 1363 1226; baseline -0.003 -20"><span class='ocrx_word' id='word_1_61' title='bbox 196 1136 367 1226; x_wconf 82' lang='grc' dir='ltr'><strong><em>Πινδάρῳ.</em></strong></span> <span class='ocrx_word' id='word_1_62' title='bbox 400 1141 457 1205; x_wconf 90' lang='grc' dir='ltr'><strong><em>καὶ</em></strong></span> <span class='ocrx_word' id='word_1_63' title='bbox 484 1132 524 1205; x_wconf 84' lang='grc' dir='ltr'><strong><em>τό</em></strong></span> <span class='ocrx_word' id='word_1_64' title='bbox 554 1132 762 1220; x_wconf 89' lang='grc' dir='ltr'><strong><em>αύτόδιον,</em></strong></span> <span class='ocrx_word' id='word_1_65' title='bbox 790 1129 811 1205; x_wconf 84' lang='grc' dir='ltr'><strong><em>ό</em></strong></span> <span class='ocrx_word' id='word_1_66' title='bbox 838 1138 909 1206; x_wconf 76' lang='grc' dir='ltr'><strong><em>ἐστι</em></strong></span> <span class='ocrx_word' id='word_1_67' title='bbox 936 1131 1022 1205; x_wconf 84' lang='grc' dir='ltr'><strong><em>κατὰ</em></strong></span> <span class='ocrx_word' id='word_1_68' title='bbox 1048 1131 1113 1226; x_wconf 80' lang='grc' dir='ltr'><strong><em>τὴν</em></strong></span> <span class='ocrx_word' id='word_1_69' title='bbox 1140 1130 1235 1206; x_wconf 86' lang='grc' dir='ltr'><strong><em>όδόν.</em></strong></span> <span class='ocrx_word' id='word_1_70' title='bbox 1267 1127 1363 1205; x_wconf 84' lang='grc' dir='ltr'><strong><em>καὶδ</em></strong></span> 
     </span>
     <span class='ocr_line' id='line_1_10' title="bbox 197 1237 1365 1334; baseline -0.003 -22"><span class='ocrx_word' id='word_1_71' title='bbox 197 1239 401 1334; x_wconf 81' lang='grc' dir='ltr'><strong><em>όντήλιος,</em></strong></span> <span class='ocrx_word' id='word_1_72' title='bbox 423 1239 528 1332; x_wconf 76' lang='grc' dir='ltr'><strong><em>ἤγουν</em></strong></span> <span class='ocrx_word' id='word_1_73' title='bbox 550 1241 722 1332; x_wconf 83' lang='grc' dir='ltr'><strong><em>παρήλιος,</em></strong></span> <span class='ocrx_word' id='word_1_74' title='bbox 745 1247 802 1311; x_wconf 82' lang='grc' dir='ltr'><strong><em>καὶ</em></strong></span> <span class='ocrx_word' id='word_1_75' title='bbox 825 1237 844 1311; x_wconf 87' lang='grc' dir='ltr'><strong><em>δ</em></strong></span> <span class='ocrx_word' id='word_1_76' title='bbox 869 1237 1108 1332; x_wconf 83' lang='grc' dir='ltr'><strong><em>ύπηλιῶτης.</em></strong></span> <span class='ocrx_word' id='word_1_77' title='bbox 1136 1247 1196 1311; x_wconf 86' lang='grc' dir='ltr'><strong><em>καὶ</em></strong></span> <span class='ocrx_word' id='word_1_78' title='bbox 1219 1241 1365 1333; x_wconf 78' lang='grc' dir='ltr'><strong><em>έπηλις,</em></strong></span> 
     </span>
    </p>

    <p class='ocr_par' dir='ltr' id='par_1_7' title="bbox 158 1341 1367 1864">
     <span class='ocr_line' id='line_1_11' title="bbox 158 1341 1365 1440; baseline -0.002 -21"><span class='ocrx_word' id='word_1_79' title='bbox 158 1346 216 1440; x_wconf 72' lang='grc' dir='ltr'><strong><em>1οῆ</em></strong></span> <span class='ocrx_word' id='word_1_80' title='bbox 236 1352 292 1420; x_wconf 77' lang='grc' dir='ltr'><strong><em>ἐπὶ</em></strong></span> <span class='ocrx_word' id='word_1_81' title='bbox 310 1360 372 1419; x_wconf 86' lang='grc' dir='ltr'><strong><em>τοῦ</em></strong></span> <span class='ocrx_word' id='word_1_82' title='bbox 394 1348 583 1439; x_wconf 80' lang='grc' dir='ltr'><strong><em>προσώπου</em></strong></span> <span class='ocrx_word' id='word_1_83' title='bbox 604 1353 745 1436; x_wconf 87' lang='grc' dir='ltr'><strong><em>μελανία</em></strong></span> <span class='ocrx_word' id='word_1_84' title='bbox 767 1353 823 1416; x_wconf 82' lang='grc' dir='ltr'><strong><em>καὶ</em></strong></span> <span class='ocrx_word' id='word_1_85' title='bbox 847 1343 888 1417; x_wconf 82' lang='grc' dir='ltr'><strong><em>τὸ</em></strong></span> <span class='ocrx_word' id='word_1_86' title='bbox 911 1359 1014 1436; x_wconf 93' lang='grc' dir='ltr'><strong><em>πῶμα</em></strong></span> <span class='ocrx_word' id='word_1_87' title='bbox 1034 1358 1094 1439; x_wconf 86' lang='grc' dir='ltr'><strong><em>τῆς</em></strong></span> <span class='ocrx_word' id='word_1_88' title='bbox 1116 1347 1298 1437; x_wconf 77' lang='grc' dir='ltr'><strong><em>λάρνακος,</em></strong></span> <span class='ocrx_word' id='word_1_89' title='bbox 1319 1341 1365 1429; x_wconf 81' lang='grc' dir='ltr'><strong><em>ῶς</em></strong></span> 
     </span>
     <span class='ocr_line' id='line_1_12' title="bbox 197 1449 1366 1546; baseline -0.002 -20"><span class='ocrx_word' id='word_1_90' title='bbox 197 1477 317 1544; x_wconf 92' lang='grc' dir='ltr'><strong><em>φασιν</em></strong></span> <span class='ocrx_word' id='word_1_91' title='bbox 340 1455 378 1525; x_wconf 86' lang='grc' dir='ltr'><strong><em>οί</em></strong></span> <span class='ocrx_word' id='word_1_92' title='bbox 400 1460 566 1525; x_wconf 87' lang='grc' dir='ltr'><strong><em>παλαιοὶ</em></strong></span> <span class='ocrx_word' id='word_1_93' title='bbox 583 1450 670 1524; x_wconf 81' lang='grc' dir='ltr'><strong><em>κατὰ</em></strong></span> <span class='ocrx_word' id='word_1_94' title='bbox 693 1450 755 1524; x_wconf 87' lang='grc' dir='ltr'><strong><em>τόν</em></strong></span> <span class='ocrx_word' id='word_1_95' title='bbox 773 1462 960 1544; x_wconf 81' lang='grc' dir='ltr'><strong><em>Σοφοκλῆν</em></strong></span> <span class='ocrx_word' id='word_1_96' title='bbox 983 1459 1036 1542; x_wconf 85' lang='lat' dir='ltr'><strong>(fr.</strong></span> <span class='ocrx_word' id='word_1_97' title='bbox 1055 1459 1146 1544; x_wconf 80' lang='grc'><strong>877).</strong></span> <span class='ocrx_word' id='word_1_98' title='bbox 1171 1450 1209 1546; x_wconf 81' lang='grc' dir='ltr'><strong><em>[ἡ</em></strong></span> <span class='ocrx_word' id='word_1_99' title='bbox 1233 1451 1269 1524; x_wconf 78' lang='grc' dir='ltr'><strong><em>δ’</em></strong></span> <span class='ocrx_word' id='word_1_100' title='bbox 1287 1449 1366 1544; x_wconf 80' lang='grc' dir='ltr'><strong><em>αύτὴ</em></strong></span> 
     </span>
     <span class='ocr_line' id='line_1_13' title="bbox 196 1556 1367 1652; baseline -0.002 -21"><span class='ocrx_word' id='word_1_101' title='bbox 196 1568 254 1632; x_wconf 87' lang='grc' dir='ltr'><strong><em>καὶ</em></strong></span> <span class='ocrx_word' id='word_1_102' title='bbox 277 1563 391 1652; x_wconf 81' lang='grc' dir='ltr'><strong><em>ἔφηλις</em></strong></span> <span class='ocrx_word' id='word_1_103' title='bbox 418 1572 542 1642; x_wconf 81' lang='grc' dir='ltr'><strong><em>κοινῶς</em></strong></span> <span class='ocrx_word' id='word_1_104' title='bbox 570 1557 617 1642; x_wconf 83' lang='grc' dir='ltr'><strong><em>ῶς</em></strong></span> <span class='ocrx_word' id='word_1_105' title='bbox 644 1556 713 1630; x_wconf 77' lang='grc' dir='ltr'><strong><em>οἷπό</em></strong></span> <span class='ocrx_word' id='word_1_106' title='bbox 736 1572 798 1630; x_wconf 86' lang='grc' dir='ltr'><strong><em>τοῦ</em></strong></span> <span class='ocrx_word' id='word_1_107' title='bbox 824 1557 947 1652; x_wconf 69' lang='grc' dir='ltr'><strong><em>ἡλίου)</em></strong></span> <span class='ocrx_word' id='word_1_108' title='bbox 976 1563 1132 1649; x_wconf 75' lang='grc' dir='ltr'><strong><em>λέγονται</em></strong></span> <span class='ocrx_word' id='word_1_109' title='bbox 1155 1563 1193 1630; x_wconf 81' lang='grc' dir='ltr'><strong><em>δὲ</em></strong></span> <span class='ocrx_word' id='word_1_110' title='bbox 1216 1556 1367 1641; x_wconf 79' lang='grc' dir='ltr'><strong><em>Ἰωνικῶς</em></strong></span> 
     </span>
     <span class='ocr_line' id='line_1_14' title="bbox 196 1661 1367 1758; baseline -0.003 -20"><span class='ocrx_word' id='word_1_111' title='bbox 196 1675 254 1738; x_wconf 88' lang='grc' dir='ltr'><strong><em>καὶ</em></strong></span> <span class='ocrx_word' id='word_1_112' title='bbox 282 1664 422 1758; x_wconf 83' lang='grc' dir='ltr'><strong><em>ύντήλια</em></strong></span> <span class='ocrx_word' id='word_1_113' title='bbox 449 1673 507 1736; x_wconf 89' lang='grc' dir='ltr'><strong><em>καὶ</em></strong></span> <span class='ocrx_word' id='word_1_114' title='bbox 533 1663 575 1736; x_wconf 82' lang='grc' dir='ltr'><strong><em>τὰ</em></strong></span> <span class='ocrx_word' id='word_1_115' title='bbox 602 1666 765 1757; x_wconf 87' lang='grc' dir='ltr'><strong><em>παρῶπια</em></strong></span> <span class='ocrx_word' id='word_1_116' title='bbox 790 1664 896 1758; x_wconf 76' lang='grc' dir='ltr'><strong><em>ἤγουν</em></strong></span> <span class='ocrx_word' id='word_1_117' title='bbox 922 1663 965 1737; x_wconf 85' lang='grc' dir='ltr'><strong><em>τὰ</em></strong></span> <span class='ocrx_word' id='word_1_118' title='bbox 991 1671 1070 1756; x_wconf 85' lang='grc' dir='ltr'><strong><em>περὶ</em></strong></span> <span class='ocrx_word' id='word_1_119' title='bbox 1096 1661 1159 1748; x_wconf 77' lang='grc' dir='ltr'><strong><em>τὰς</em></strong></span> <span class='ocrx_word' id='word_1_120' title='bbox 1180 1663 1279 1756; x_wconf 83' lang='grc' dir='ltr'><strong><em>ὄφεις</em></strong></span> <span class='ocrx_word' id='word_1_121' title='bbox 1300 1676 1367 1737; x_wconf 90' lang='grc' dir='ltr'><strong><em>τῶν</em></strong></span> 
     </span>
     <span class='ocr_line' id='line_1_15' title="bbox 197 1769 923 1864; baseline -0.001 -20"><span class='ocrx_word' id='word_1_122' title='bbox 197 1777 323 1856; x_wconf 85' lang='grc' dir='ltr'><strong><em>ίπποον,</em></strong></span> <span class='ocrx_word' id='word_1_123' title='bbox 346 1769 392 1855; x_wconf 83' lang='grc' dir='ltr'><strong><em>ῶς</em></strong></span> <span class='ocrx_word' id='word_1_124' title='bbox 416 1794 518 1864; x_wconf 91' lang='grc' dir='ltr'><strong><em>φησιν</em></strong></span> <span class='ocrx_word' id='word_1_125' title='bbox 540 1777 681 1855; x_wconf 89' lang='grc' dir='ltr'><strong><em>Αίλιος</em></strong></span> <span class='ocrx_word' id='word_1_126' title='bbox 703 1774 923 1856; x_wconf 83' lang='grc' dir='ltr'><strong><em>Διονύσιος.</em></strong></span> 
     </span>
    </p>

    <p class='ocr_par' dir='ltr' id='par_1_8' title="bbox 159 1873 1368 2290">
     <span class='ocr_line' id='line_1_16' title="bbox 159 1873 1367 1971; baseline 0.002 -26"><span class='ocrx_word' id='word_1_127' title='bbox 159 1904 185 1945; x_wconf 83' lang='grc' dir='ltr'><strong><em>ιι</em></strong></span> <span class='ocrx_word' id='word_1_128' title='bbox 287 1885 339 1951; x_wconf 91' lang='grc'><strong><em>58.</em></strong></span> <span class='ocrx_word' id='word_1_129' title='bbox 372 1884 543 1952; x_wconf 84' lang='lat' dir='ltr'><strong>Eustath.</strong></span> <span class='ocrx_word' id='word_1_130' title='bbox 564 1908 593 1969; x_wconf 90' lang='lat' dir='ltr'><strong><em>p.</em></strong></span> <span class='ocrx_word' id='word_1_131' title='bbox 616 1887 714 1962; x_wconf 82' lang='lat'>1216,</span> <span class='ocrx_word' id='word_1_132' title='bbox 733 1886 784 1950; x_wconf 85' lang='grc'><strong><em>64.</em></strong></span> <span class='ocrx_word' id='word_1_133' title='bbox 818 1885 921 1971; x_wconf 86' lang='grc' dir='ltr'><strong><em>δῆλον</em></strong></span> <span class='ocrx_word' id='word_1_134' title='bbox 949 1883 986 1950; x_wconf 80' lang='grc' dir='ltr'><strong><em>δὲ</em></strong></span> <span class='ocrx_word' id='word_1_135' title='bbox 1013 1873 1067 1951; x_wconf 84' lang='grc' dir='ltr'><strong><em>ότι</em></strong></span> <span class='ocrx_word' id='word_1_136' title='bbox 1094 1882 1151 1950; x_wconf 77' lang='grc' dir='ltr'><strong><em>ἐπὶ</em></strong></span> <span class='ocrx_word' id='word_1_137' title='bbox 1176 1890 1243 1950; x_wconf 84' lang='grc' dir='ltr'><strong><em>τοῦ</em></strong></span> <span class='ocrx_word' id='word_1_138' title='bbox 1270 1877 1367 1949; x_wconf 90' lang='grc' dir='ltr'><strong><em>σπεύ-</em></strong></span> 
     </span>
     <span class='ocr_line' id='line_1_17' title="bbox 201 1982 1368 2075; baseline -0.003 -18"><span class='ocrx_word' id='word_1_139' title='bbox 201 1992 271 2057; x_wconf 89' lang='grc' dir='ltr'><strong><em>δειν</em></strong></span> <span class='ocrx_word' id='word_1_140' title='bbox 304 1987 337 2056; x_wconf 86' lang='grc' dir='ltr'><strong><em>οί</em></strong></span> <span class='ocrx_word' id='word_1_141' title='bbox 363 1983 504 2057; x_wconf 79' lang='grc' dir='ltr'><strong><em>Ἀττικοὶ</em></strong></span> <span class='ocrx_word' id='word_1_142' title='bbox 536 1986 653 2075; x_wconf 76' lang='grc' dir='ltr'><strong><em>ἔλεγον</em></strong></span> <span class='ocrx_word' id='word_1_143' title='bbox 680 1983 720 2057; x_wconf 86' lang='grc' dir='ltr'><strong><em>τό</em></strong></span> <span class='ocrx_word' id='word_1_144' title='bbox 750 1982 899 2056; x_wconf 84' lang='grc' dir='ltr'><strong><em>όνύειν.</em></strong></span> <span class='ocrx_word' id='word_1_145' title='bbox 932 1989 1071 2068; x_wconf 84' lang='grc' dir='ltr'><strong><em>Αίλιος</em></strong></span> <span class='ocrx_word' id='word_1_146' title='bbox 1099 1989 1136 2057; x_wconf 76' lang='grc' dir='ltr'><strong><em>δὲ</em></strong></span> <span class='ocrx_word' id='word_1_147' title='bbox 1158 1985 1368 2066; x_wconf 83' lang='grc' dir='ltr'><strong><em>Διονύσιος</em></strong></span> 
     </span>
     <span class='ocr_line' id='line_1_18' title="bbox 199 2087 1367 2186; baseline -0.003 -23"><span class='ocrx_word' id='word_1_148' title='bbox 199 2099 280 2186; x_wconf 87' lang='grc' dir='ltr'><strong><em>φησὶ</em></strong></span> <span class='ocrx_word' id='word_1_149' title='bbox 302 2099 360 2163; x_wconf 87' lang='grc' dir='ltr'><strong><em>καὶ</em></strong></span> <span class='ocrx_word' id='word_1_150' title='bbox 383 2088 436 2163; x_wconf 84' lang='grc' dir='ltr'><strong><em>ὅτι</em></strong></span> <span class='ocrx_word' id='word_1_151' title='bbox 460 2099 575 2163; x_wconf 84' lang='grc' dir='ltr'><strong><em>δασεῖα</em></strong></span> <span class='ocrx_word' id='word_1_152' title='bbox 597 2090 617 2184; x_wconf 81' lang='grc' dir='ltr'><em>ἡ</em></span> <span class='ocrx_word' id='word_1_153' title='bbox 636 2093 792 2185; x_wconf 69' lang='lat' dir='ltr'><strong>npeirp1)</strong></span> <span class='ocrx_word' id='word_1_154' title='bbox 816 2096 1006 2182; x_wconf 84' lang='grc' dir='ltr'><strong><em>[τουτέστιν</em></strong></span> <span class='ocrx_word' id='word_1_155' title='bbox 1030 2092 1196 2162; x_wconf 81' lang='grc' dir='ltr'><strong><em>έδύσυνον</em></strong></span> <span class='ocrx_word' id='word_1_156' title='bbox 1221 2093 1257 2162; x_wconf 86' lang='grc' dir='ltr'><strong><em>οί</em></strong></span> <span class='ocrx_word' id='word_1_157' title='bbox 1274 2087 1367 2163; x_wconf 76' lang='grc' dir='ltr'><strong><em>Ἄττι-</em></strong></span> 
     </span>
     <span class='ocr_line' id='line_1_19' title="bbox 198 2195 860 2290; baseline 0.002 -23"><span class='ocrx_word' id='word_1_158' title='bbox 198 2205 254 2270; x_wconf 86' lang='grc' dir='ltr'><strong><em>κοὶ</em></strong></span> <span class='ocrx_word' id='word_1_159' title='bbox 277 2205 333 2270; x_wconf 85' lang='grc' dir='ltr'><strong><em>καί</em></strong></span> <span class='ocrx_word' id='word_1_160' title='bbox 355 2195 418 2290; x_wconf 78' lang='grc' dir='ltr'><strong><em>τὴν</em></strong></span> <span class='ocrx_word' id='word_1_161' title='bbox 442 2196 610 2290; x_wconf 87' lang='grc' dir='ltr'><strong><em>ύρχουσαν</em></strong></span> <span class='ocrx_word' id='word_1_162' title='bbox 633 2209 696 2270; x_wconf 86' lang='grc' dir='ltr'><strong><em>τοῦ</em></strong></span> <span class='ocrx_word' id='word_1_163' title='bbox 719 2196 860 2288; x_wconf 71' lang='grc' dir='ltr'><strong><em>ἀνύειν)</em></strong></span> 
     </span>
    </p>

    <p class='ocr_par' dir='ltr' id='par_1_9' title="bbox 287 2299 1368 2394">
     <span class='ocr_line' id='line_1_20' title="bbox 287 2299 1368 2394; baseline -0.002 -19"><span class='ocrx_word' id='word_1_164' title='bbox 287 2311 339 2378; x_wconf 87' lang='grc'><strong><em>59.</em></strong></span> <span class='ocrx_word' id='word_1_165' title='bbox 371 2311 545 2387; x_wconf 80' lang='lat' dir='ltr'><strong>Eusteth‚</strong></span> <span class='ocrx_word' id='word_1_166' title='bbox 562 2333 592 2394; x_wconf 89' lang='lat' dir='ltr'><strong><em>p.</em></strong></span> <span class='ocrx_word' id='word_1_167' title='bbox 614 2312 708 2388; x_wconf 87' lang='grc'><strong><em>1434,</em></strong></span> <span class='ocrx_word' id='word_1_168' title='bbox 729 2313 756 2376; x_wconf 92' lang='grc'><strong><em>1.</em></strong></span> <span class='ocrx_word' id='word_1_169' title='bbox 790 2302 905 2376; x_wconf 82' lang='grc' dir='ltr'><strong><em>καὶτὸ</em></strong></span> <span class='ocrx_word' id='word_1_170' title='bbox 925 2301 1045 2390; x_wconf 82' lang='grc' dir='ltr'><strong><em>ύπαν,</em></strong></span> <span class='ocrx_word' id='word_1_171' title='bbox 1064 2301 1173 2394; x_wconf 80' lang='grc' dir='ltr'><strong><em>ὄνομα</em></strong></span> <span class='ocrx_word' id='word_1_172' title='bbox 1191 2299 1245 2391; x_wconf 81' lang='grc' dir='ltr'><strong><em>δν,</em></strong></span> <span class='ocrx_word' id='word_1_173' title='bbox 1258 2302 1368 2384; x_wconf 81' lang='grc' dir='ltr'><strong><em>Ἴωνες</em></strong></span> 
     </span>
    </p>

    <p class='ocr_par' dir='ltr' id='par_1_10' title="bbox 160 2409 823 2504">
     <span class='ocr_line' id='line_1_21' title="bbox 160 2409 823 2504; baseline -0.002 -21"><span class='ocrx_word' id='word_1_174' title='bbox 160 2435 188 2475; x_wconf 76' lang='lat'><strong><em>2⁰</em></strong></span> <span class='ocrx_word' id='word_1_175' title='bbox 203 2416 419 2483; x_wconf 80' lang='grc' dir='ltr'><strong><em>συστέλλουσι</em></strong></span> <span class='ocrx_word' id='word_1_176' title='bbox 442 2418 499 2482; x_wconf 88' lang='grc' dir='ltr'><strong><em>καὶ</em></strong></span> <span class='ocrx_word' id='word_1_177' title='bbox 523 2409 542 2481; x_wconf 84' lang='grc' dir='ltr'><em>ὃ</em></span> <span class='ocrx_word' id='word_1_178' title='bbox 566 2410 715 2504; x_wconf 81' lang='grc' dir='ltr'><strong><em>ποιητὴς,</em></strong></span> <span class='ocrx_word' id='word_1_179' title='bbox 738 2412 823 2482; x_wconf 77' lang='grc' dir='ltr'><strong><em>οἷον.</em></strong></span> 
     </span>
    </p>
   </div>
   <div class='ocr_carea' id='block_1_3' title="bbox 358 2513 1088 2610">
    <p class='ocr_par' dir='ltr' id='par_1_11' title="bbox 358 2513 1088 2610">
     <span class='ocr_line' id='line_1_22' title="bbox 358 2513 1088 2610; baseline 0 -22"><span class='ocrx_word' id='word_1_180' title='bbox 358 2530 429 2588; x_wconf 92' lang='grc' dir='ltr'><strong><em>τῶν</em></strong></span> <span class='ocrx_word' id='word_1_181' title='bbox 454 2514 488 2588; x_wconf 81' lang='grc' dir='ltr'><strong><em>δ’</em></strong></span> <span class='ocrx_word' id='word_1_182' title='bbox 511 2513 603 2588; x_wconf 78' lang='grc' dir='ltr'><strong><em>ἅπαν</em></strong></span> <span class='ocrx_word' id='word_1_183' title='bbox 627 2519 780 2610; x_wconf 79' lang='grc' dir='ltr'><strong><em>ἐπλήσθη</em></strong></span> <span class='ocrx_word' id='word_1_184' title='bbox 802 2522 922 2588; x_wconf 87' lang='grc' dir='ltr'><strong><em>πέδιον</em></strong></span> <span class='ocrx_word' id='word_1_185' title='bbox 945 2523 995 2610; x_wconf 77' lang='lat' dir='ltr'><strong><em>(Y</em></strong></span> <span class='ocrx_word' id='word_1_186' title='bbox 1010 2523 1088 2610; x_wconf 80' lang='lat'>156)</span> 
     </span>
    </p>
   </div>
   <div class='ocr_carea' id='block_1_4' title="bbox 198 2747 1368 4243">
    <p class='ocr_par' dir='ltr' id='par_1_12' title="bbox 198 2747 1367 2998">
     <span class='ocr_line' id='line_1_23' title="bbox 287 2747 1367 2823; baseline 0 -15"><span class='ocrx_word' id='word_1_187' title='bbox 287 2754 309 2820; x_wconf 83' lang='lat'><strong><em>⁴)</em></strong></span> <span class='ocrx_word' id='word_1_188' title='bbox 328 2755 396 2808; x_wconf 80' lang='lat' dir='ltr'><strong>Dies</strong></span> <span class='ocrx_word' id='word_1_189' title='bbox 415 2753 501 2808; x_wconf 79' lang='lat' dir='ltr'><strong>festos</strong></span> <span class='ocrx_word' id='word_1_190' title='bbox 512 2747 638 2807; x_wconf 78' lang='grc' dir='ltr'><strong><em>Ἀνοίκεια</em></strong></span> <span class='ocrx_word' id='word_1_191' title='bbox 657 2758 768 2808; x_wconf 80' lang='lat' dir='ltr'><strong>vocatos</strong></span> <span class='ocrx_word' id='word_1_192' title='bbox 783 2753 846 2808; x_wconf 88' lang='lat' dir='ltr'><strong>vide</strong></span> <span class='ocrx_word' id='word_1_193' title='bbox 861 2770 905 2823; x_wconf 79' lang='lat' dir='ltr'><strong><em>ap.</em></strong></span> <span class='ocrx_word' id='word_1_194' title='bbox 920 2755 986 2809; x_wconf 82' lang='lat' dir='ltr'><strong>Hes.</strong></span> <span class='ocrx_word' id='word_1_195' title='bbox 1001 2770 1023 2809; x_wconf 82' lang='grc' dir='ltr'><strong><em>ε.</em></strong></span> <span class='ocrx_word' id='word_1_196' title='bbox 1034 2771 1058 2808; x_wconf 84' lang='lat' dir='ltr'><strong><em>v.</em></strong></span> <span class='ocrx_word' id='word_1_197' title='bbox 1068 2753 1137 2809; x_wconf 86' lang='lat' dir='ltr'><strong>Pell.</strong></span> <span class='ocrx_word' id='word_1_198' title='bbox 1152 2755 1175 2809; x_wconf 97' lang='grc' dir='ltr'><strong><em>Ι.</em></strong></span> <span class='ocrx_word' id='word_1_199' title='bbox 1190 2754 1234 2808; x_wconf 80' lang='grc'><strong><em>37.</em></strong></span> <span class='ocrx_word' id='word_1_200' title='bbox 1250 2784 1286 2794; x_wconf 91' lang='grc'><strong>-</strong></span> <span class='ocrx_word' id='word_1_201' title='bbox 1299 2752 1367 2810; x_wconf 74' lang='grc' dir='ltr'><strong><em>Ἀνα-</em></strong></span> 
     </span>
     <span class='ocr_line' id='line_1_24' title="bbox 198 2840 1365 2910; baseline 0 -13"><span class='ocrx_word' id='word_1_202' title='bbox 198 2849 278 2897; x_wconf 87' lang='grc' dir='ltr'><strong><em>κεῖον</em></strong></span> <span class='ocrx_word' id='word_1_203' title='bbox 301 2858 410 2910; x_wconf 85' lang='lat' dir='ltr'><strong>voeem,</strong></span> <span class='ocrx_word' id='word_1_204' title='bbox 434 2859 516 2910; x_wconf 78' lang='lat' dir='ltr'><strong>quam</strong></span> <span class='ocrx_word' id='word_1_205' title='bbox 538 2840 640 2896; x_wconf 82' lang='lat' dir='ltr'><strong>Bindfl.</strong></span> <span class='ocrx_word' id='word_1_206' title='bbox 660 2858 675 2896; x_wconf 96' lang='lat' dir='ltr'><strong>e</strong></span> <span class='ocrx_word' id='word_1_207' title='bbox 693 2843 725 2897; x_wconf 92' lang='lat' dir='ltr'><strong><em>B.</em></strong></span> <span class='ocrx_word' id='word_1_208' title='bbox 745 2845 778 2897; x_wconf 81' lang='lat' dir='ltr'><strong><em>A.</em></strong></span> <span class='ocrx_word' id='word_1_209' title='bbox 798 2844 864 2910; x_wconf 87' lang='lat'>212,</span> <span class='ocrx_word' id='word_1_210' title='bbox 885 2844 918 2898; x_wconf 92' lang='lat'><strong><em>12</em></strong></span> <span class='ocrx_word' id='word_1_211' title='bbox 941 2842 987 2910; x_wconf 83' lang='lat' dir='ltr'><strong>(ef.</strong></span> <span class='ocrx_word' id='word_1_212' title='bbox 1007 2843 1093 2898; x_wconf 84' lang='lat' dir='ltr'><strong>Moer.</strong></span> <span class='ocrx_word' id='word_1_213' title='bbox 1113 2841 1133 2898; x_wconf 92' lang='lat' dir='ltr'><strong><em>l.</em></strong></span> <span class='ocrx_word' id='word_1_214' title='bbox 1152 2843 1171 2897; x_wconf 81' lang='grc'><strong><em>1</em></strong></span> <span class='ocrx_word' id='word_1_215' title='bbox 1191 2842 1284 2900; x_wconf 83' lang='lat' dir='ltr'><strong>Schel.</strong></span> <span class='ocrx_word' id='word_1_216' title='bbox 1303 2844 1365 2898; x_wconf 82' lang='lat' dir='ltr'><strong>Luc.</strong></span> 
     </span>
     <span class='ocr_line' id='line_1_25' title="bbox 199 2929 991 2998; baseline 0.003 -14"><span class='ocrx_word' id='word_1_217' title='bbox 199 2931 216 2985; x_wconf 90' lang='lat' dir='ltr'><strong><em>l.</em></strong></span> <span class='ocrx_word' id='word_1_218' title='bbox 236 2932 265 2998; x_wconf 92' lang='grc'><strong><em>1.)</em></strong></span> <span class='ocrx_word' id='word_1_219' title='bbox 283 2929 388 2985; x_wconf 86' lang='lat' dir='ltr'><strong>inferre</strong></span> <span class='ocrx_word' id='word_1_220' title='bbox 406 2931 507 2998; x_wconf 78' lang='lat' dir='ltr'><strong>studet,</strong></span> <span class='ocrx_word' id='word_1_221' title='bbox 527 2929 659 2984; x_wconf 82' lang='lat' dir='ltr'><strong>atticistis</strong></span> <span class='ocrx_word' id='word_1_222' title='bbox 677 2930 802 2985; x_wconf 86' lang='lat' dir='ltr'><strong>tribuere</strong></span> <span class='ocrx_word' id='word_1_223' title='bbox 820 2947 876 2986; x_wconf 86' lang='lat' dir='ltr'><strong><em>non</em></strong></span> <span class='ocrx_word' id='word_1_224' title='bbox 895 2930 991 2986; x_wconf 80' lang='lat' dir='ltr'><strong>ausim.</strong></span> 
     </span>
    </p>

    <p class='ocr_par' dir='ltr' id='par_1_13' title="bbox 198 3015 1366 3264">
     <span class='ocr_line' id='line_1_26' title="bbox 288 3015 1366 3090; baseline 0.001 -18"><span class='ocrx_word' id='word_1_225' title='bbox 288 3020 309 3086; x_wconf 72' lang='grc' dir='ltr'><strong><em>ὕ)</em></strong></span> <span class='ocrx_word' id='word_1_226' title='bbox 328 3020 370 3073; x_wconf 88' lang='lat' dir='ltr'><strong><em>De</em></strong></span> <span class='ocrx_word' id='word_1_227' title='bbox 384 3019 511 3089; x_wconf 85' lang='grc' dir='ltr'><strong><em>τριττυία</em></strong></span> <span class='ocrx_word' id='word_1_228' title='bbox 525 3035 592 3074; x_wconf 85' lang='lat' dir='ltr'><strong>voce</strong></span> <span class='ocrx_word' id='word_1_229' title='bbox 604 3019 684 3087; x_wconf 81' lang='lat' dir='ltr'><strong>(elias</strong></span> <span class='ocrx_word' id='word_1_230' title='bbox 698 3015 822 3090; x_wconf 87' lang='grc' dir='ltr'><strong><em>τριττύα,</em></strong></span> <span class='ocrx_word' id='word_1_231' title='bbox 838 3018 873 3074; x_wconf 84' lang='lat' dir='ltr'><strong><em>ci.</em></strong></span> <span class='ocrx_word' id='word_1_232' title='bbox 885 3018 919 3074; x_wconf 80' lang='lat' dir='ltr'><strong><em>fr.</em></strong></span> <span class='ocrx_word' id='word_1_233' title='bbox 931 3021 1002 3087; x_wconf 84' lang='lat'><strong>138.)</strong></span> <span class='ocrx_word' id='word_1_234' title='bbox 1012 3018 1046 3074; x_wconf 85' lang='lat' dir='ltr'><strong><em>ei.</em></strong></span> <span class='ocrx_word' id='word_1_235' title='bbox 1056 3019 1146 3075; x_wconf 82' lang='lat' dir='ltr'><strong>Schol.</strong></span> <span class='ocrx_word' id='word_1_236' title='bbox 1160 3021 1209 3075; x_wconf 82' lang='lat' dir='ltr'><strong><em>Ar.</em></strong></span> <span class='ocrx_word' id='word_1_237' title='bbox 1222 3021 1296 3075; x_wconf 75' lang='lat' dir='ltr'><strong>Plut.</strong></span> <span class='ocrx_word' id='word_1_238' title='bbox 1308 3019 1366 3075; x_wconf 83' lang='lat'><strong><em>820.</em></strong></span> 
     </span>
     <span class='ocr_line' id='line_1_27' title="bbox 198 3102 1365 3180; baseline 0.003 -20"><span class='ocrx_word' id='word_1_239' title='bbox 198 3107 326 3162; x_wconf 81' lang='lat' dir='ltr'><strong>Eustath.</strong></span> <span class='ocrx_word' id='word_1_240' title='bbox 341 3125 368 3176; x_wconf 90' lang='lat' dir='ltr'><strong><em>p.</em></strong></span> <span class='ocrx_word' id='word_1_241' title='bbox 383 3109 461 3172; x_wconf 77' lang='grc'><strong><em>1676,</em></strong></span> <span class='ocrx_word' id='word_1_242' title='bbox 476 3107 519 3161; x_wconf 79' lang='grc'><strong><em>37.</em></strong></span> <span class='ocrx_word' id='word_1_243' title='bbox 539 3114 567 3162; x_wconf 89' lang='lat' dir='ltr'><strong><em>et</em></strong></span> <span class='ocrx_word' id='word_1_244' title='bbox 587 3106 620 3161; x_wconf 84' lang='lat' dir='ltr'><strong><em>ir.</em></strong></span> <span class='ocrx_word' id='word_1_245' title='bbox 637 3107 786 3172; x_wconf 83' lang='grc' dir='ltr'><strong><em>δωδεκίδες</em></strong></span> <span class='ocrx_word' id='word_1_246' title='bbox 804 3109 849 3163; x_wconf 82' lang='lat' dir='ltr'><strong><em>vel</em></strong></span> <span class='ocrx_word' id='word_1_247' title='bbox 867 3102 986 3180; x_wconf 85' lang='grc' dir='ltr'><strong><em>τριττύς,</em></strong></span> <span class='ocrx_word' id='word_1_248' title='bbox 1005 3107 1040 3163; x_wconf 79' lang='lat' dir='ltr'><strong><em>ef.</em></strong></span> <span class='ocrx_word' id='word_1_249' title='bbox 1059 3107 1143 3174; x_wconf 68' lang='lat' dir='ltr'><strong>Suid.</strong></span> <span class='ocrx_word' id='word_1_250' title='bbox 1163 3124 1200 3163; x_wconf 86' lang='lat' dir='ltr'><strong><em>ex</em></strong></span> <span class='ocrx_word' id='word_1_251' title='bbox 1217 3108 1281 3179; x_wconf 75' lang='lat' dir='ltr'><strong>ipse</strong></span> <span class='ocrx_word' id='word_1_252' title='bbox 1298 3109 1365 3164; x_wconf 78' lang='lat' dir='ltr'><strong>Peu-</strong></span> 
     </span>
     <span class='ocr_line' id='line_1_28' title="bbox 199 3196 423 3264; baseline 0 -15"><span class='ocrx_word' id='word_1_253' title='bbox 199 3196 278 3250; x_wconf 82' lang='lat' dir='ltr'><strong>senia</strong></span> <span class='ocrx_word' id='word_1_254' title='bbox 297 3196 423 3264; x_wconf 86' lang='lat' dir='ltr'><strong>petitum.</strong></span> 
     </span>
    </p>

    <p class='ocr_par' dir='ltr' id='par_1_14' title="bbox 198 3284 1367 3887">
     <span class='ocr_line' id='line_1_29' title="bbox 244 3284 1365 3355; baseline 0.002 -18"><span class='ocrx_word' id='word_1_255' title='bbox 244 3285 286 3338; x_wconf 76' lang='lat'><strong><em>57.</em></strong></span> <span class='ocrx_word' id='word_1_256' title='bbox 308 3286 328 3351; x_wconf 84' lang='lat'><strong><em>¹)</em></strong></span> <span class='ocrx_word' id='word_1_257' title='bbox 347 3284 446 3338; x_wconf 75' lang='lat' dir='ltr'><strong>Omnia</strong></span> <span class='ocrx_word' id='word_1_258' title='bbox 458 3284 644 3339; x_wconf 82' lang='lat' dir='ltr'><strong>atticietarum</strong></span> <span class='ocrx_word' id='word_1_259' title='bbox 657 3301 718 3339; x_wconf 80' lang='lat' dir='ltr'><strong>esse</strong></span> <span class='ocrx_word' id='word_1_260' title='bbox 734 3289 809 3354; x_wconf 78' lang='lat' dir='ltr'><strong>puio.</strong></span> <span class='ocrx_word' id='word_1_261' title='bbox 838 3287 1034 3355; x_wconf 82' lang='lat' dir='ltr'>Fragmentum</span> <span class='ocrx_word' id='word_1_262' title='bbox 1052 3287 1158 3348; x_wconf 86' lang='grc' dir='ltr'><strong><em>νεῶνες</em></strong></span> <span class='ocrx_word' id='word_1_263' title='bbox 1176 3284 1261 3354; x_wconf 88' lang='lat' dir='ltr'><strong>enim,</strong></span> <span class='ocrx_word' id='word_1_264' title='bbox 1282 3301 1317 3341; x_wconf 87' lang='lat' dir='ltr'><strong><em>ex</em></strong></span> <span class='ocrx_word' id='word_1_265' title='bbox 1334 3287 1365 3341; x_wconf 81' lang='lat' dir='ltr'><strong><em>A.</em></strong></span> 
     </span>
     <span class='ocr_line' id='line_1_30' title="bbox 199 3372 1365 3443; baseline 0.003 -17"><span class='ocrx_word' id='word_1_266' title='bbox 199 3372 231 3426; x_wconf 90' lang='lat' dir='ltr'><strong><em>D.</em></strong></span> <span class='ocrx_word' id='word_1_267' title='bbox 250 3372 368 3442; x_wconf 84' lang='lat' dir='ltr'><strong>petitum</strong></span> <span class='ocrx_word' id='word_1_268' title='bbox 386 3373 540 3442; x_wconf 82' lang='lat' dir='ltr'><strong>praecedit,</strong></span> <span class='ocrx_word' id='word_1_269' title='bbox 560 3377 589 3428; x_wconf 83' lang='lat' dir='ltr'><strong><em>et</em></strong></span> <span class='ocrx_word' id='word_1_270' title='bbox 607 3374 681 3429; x_wconf 84' lang='lat' dir='ltr'><strong>Suid.</strong></span> <span class='ocrx_word' id='word_1_271' title='bbox 697 3377 742 3443; x_wconf 84' lang='lat'><strong><em>(=</em></strong></span> <span class='ocrx_word' id='word_1_272' title='bbox 761 3377 791 3430; x_wconf 92' lang='lat' dir='ltr'><strong><em>B.</em></strong></span> <span class='ocrx_word' id='word_1_273' title='bbox 807 3376 842 3429; x_wconf 90' lang='lat' dir='ltr'><strong><em>A.</em></strong></span> <span class='ocrx_word' id='word_1_274' title='bbox 860 3375 922 3440; x_wconf 87' lang='lat'>424,</span> <span class='ocrx_word' id='word_1_275' title='bbox 942 3376 986 3442; x_wconf 83' lang='lat'><strong><em>25)</em></strong></span> <span class='ocrx_word' id='word_1_276' title='bbox 1005 3374 1121 3430; x_wconf 82' lang='lat' dir='ltr'><strong>eandem</strong></span> <span class='ocrx_word' id='word_1_277' title='bbox 1140 3373 1250 3443; x_wconf 79' lang='lat' dir='ltr'><strong>profert</strong></span> <span class='ocrx_word' id='word_1_278' title='bbox 1267 3374 1365 3431; x_wconf 81' lang='lat' dir='ltr'><strong>doetri-</strong></span> 
     </span>
     <span class='ocr_line' id='line_1_31' title="bbox 198 3452 1367 3536; baseline 0.003 -22"><span class='ocrx_word' id='word_1_279' title='bbox 198 3477 276 3529; x_wconf 82' lang='lat' dir='ltr'><strong>nem3</strong></span> <span class='ocrx_word' id='word_1_280' title='bbox 301 3455 462 3529; x_wconf 79' lang='grc' dir='ltr'><strong><em>ἀπηλιώτης</em></strong></span> <span class='ocrx_word' id='word_1_281' title='bbox 481 3454 497 3515; x_wconf 80' lang='grc' dir='ltr'><em>ὃ</em></span> <span class='ocrx_word' id='word_1_282' title='bbox 516 3453 621 3529; x_wconf 76' lang='grc' dir='ltr'><strong><em>ἄνεμος</em></strong></span> <span class='ocrx_word' id='word_1_283' title='bbox 644 3458 675 3516; x_wconf 84' lang='grc' dir='ltr'><strong><em>έν</em></strong></span> <span class='ocrx_word' id='word_1_284' title='bbox 693 3465 735 3536; x_wconf 79' lang='grc' dir='ltr'><strong><em>τῷ</em></strong></span> <span class='ocrx_word' id='word_1_285' title='bbox 754 3480 787 3526; x_wconf 89' lang='grc' dir='ltr'><strong><em>π,</em></strong></span> <span class='ocrx_word' id='word_1_286' title='bbox 811 3465 859 3517; x_wconf 86' lang='grc' dir='ltr'><strong><em>καί</em></strong></span> <span class='ocrx_word' id='word_1_287' title='bbox 877 3458 1020 3532; x_wconf 81' lang='grc' dir='ltr'><strong><em>ἀντήλιος,</em></strong></span> <span class='ocrx_word' id='word_1_288' title='bbox 1043 3465 1092 3517; x_wconf 84' lang='grc' dir='ltr'><strong><em>καὶ</em></strong></span> <span class='ocrx_word' id='word_1_289' title='bbox 1115 3456 1265 3519; x_wconf 80' lang='grc' dir='ltr'><strong><em>πάντατὰ</em></strong></span> <span class='ocrx_word' id='word_1_290' title='bbox 1284 3452 1367 3532; x_wconf 85' lang='grc' dir='ltr'><strong><em>όμοια</em></strong></span> 
     </span>
     <span class='ocr_line' id='line_1_32' title="bbox 199 3543 1365 3625; baseline 0.004 -22"><span class='ocrx_word' id='word_1_291' title='bbox 199 3552 297 3619; x_wconf 85' lang='grc' dir='ltr'><strong><em>ψιλῶς.</em></strong></span> <span class='ocrx_word' id='word_1_292' title='bbox 326 3551 375 3604; x_wconf 90' lang='grc' dir='ltr'><strong><em>καί</em></strong></span> <span class='ocrx_word' id='word_1_293' title='bbox 397 3543 414 3618; x_wconf 77' lang='grc' dir='ltr'><strong><em>ι)</em></strong></span> <span class='ocrx_word' id='word_1_294' title='bbox 438 3543 534 3618; x_wconf 83' lang='grc' dir='ltr'><strong><em>έπηλις</em></strong></span> <span class='ocrx_word' id='word_1_295' title='bbox 554 3543 614 3605; x_wconf 81' lang='grc' dir='ltr'><strong><em>έστι</em></strong></span> <span class='ocrx_word' id='word_1_296' title='bbox 633 3546 711 3622; x_wconf 84' lang='grc' dir='ltr'><strong><em>παρὰ</em></strong></span> <span class='ocrx_word' id='word_1_297' title='bbox 731 3552 927 3625; x_wconf 80' lang='grc' dir='ltr'><strong><em>Ποσειδίππῳ.</em></strong></span> <span class='ocrx_word' id='word_1_298' title='bbox 956 3551 1068 3607; x_wconf 81' lang='lat' dir='ltr'><strong>Glossee</strong></span> <span class='ocrx_word' id='word_1_299' title='bbox 1091 3545 1239 3616; x_wconf 82' lang='grc' dir='ltr'><strong><em>αὐτόδιον,</em></strong></span> <span class='ocrx_word' id='word_1_300' title='bbox 1264 3545 1365 3622; x_wconf 76' lang='grc' dir='ltr'><strong><em>έπηίις,</em></strong></span> 
     </span>
     <span class='ocr_line' id='line_1_33' title="bbox 198 3634 1366 3710; baseline 0.004 -18"><span class='ocrx_word' id='word_1_301' title='bbox 198 3634 331 3707; x_wconf 77' lang='grc' dir='ltr'><strong><em>ἄντήλιος</em></strong></span> <span class='ocrx_word' id='word_1_302' title='bbox 348 3639 415 3695; x_wconf 89' lang='lat' dir='ltr'><strong>Hes.</strong></span> <span class='ocrx_word' id='word_1_303' title='bbox 429 3639 570 3708; x_wconf 83' lang='lat' dir='ltr'><strong>repetivit.</strong></span> <span class='ocrx_word' id='word_1_304' title='bbox 586 3669 619 3679; x_wconf 89' lang='lat'><em>-</em></span> <span class='ocrx_word' id='word_1_305' title='bbox 638 3640 805 3709; x_wconf 76' lang='lat' dir='ltr'><strong>Saepissime</strong></span> <span class='ocrx_word' id='word_1_306' title='bbox 825 3642 860 3695; x_wconf 90' lang='lat' dir='ltr'><strong><em>de</em></strong></span> <span class='ocrx_word' id='word_1_307' title='bbox 878 3642 974 3696; x_wconf 89' lang='lat' dir='ltr'><strong>Ionum</strong></span> <span class='ocrx_word' id='word_1_308' title='bbox 992 3634 1115 3710; x_wconf 83' lang='grc' dir='ltr'><strong><em>ψιλόσει</em></strong></span> <span class='ocrx_word' id='word_1_309' title='bbox 1133 3640 1247 3697; x_wconf 79' lang='grc' dir='ltr'><strong><em>Δολίοιο</em></strong></span> <span class='ocrx_word' id='word_1_310' title='bbox 1264 3642 1300 3697; x_wconf 91' lang='lat' dir='ltr'><strong><em>D.</em></strong></span> <span class='ocrx_word' id='word_1_311' title='bbox 1313 3640 1366 3696; x_wconf 81' lang='lat' dir='ltr'><strong>die·</strong></span> 
     </span>
     <span class='ocr_line' id='line_1_34' title="bbox 198 3720 1367 3797; baseline 0.003 -15"><span class='ocrx_word' id='word_1_312' title='bbox 198 3733 311 3796; x_wconf 76' lang='lat' dir='ltr'><strong>putasse</strong></span> <span class='ocrx_word' id='word_1_313' title='bbox 330 3727 404 3782; x_wconf 81' lang='lat' dir='ltr'><strong>inter</strong></span> <span class='ocrx_word' id='word_1_314' title='bbox 422 3745 516 3783; x_wconf 85' lang='lat' dir='ltr'><strong>omnes</strong></span> <span class='ocrx_word' id='word_1_315' title='bbox 537 3734 651 3783; x_wconf 82' lang='lat' dir='ltr'><strong>constat.</strong></span> <span class='ocrx_word' id='word_1_316' title='bbox 672 3728 706 3783; x_wconf 86' lang='lat' dir='ltr'><strong><em>cf.</em></strong></span> <span class='ocrx_word' id='word_1_317' title='bbox 726 3723 805 3792; x_wconf 79' lang='grc' dir='ltr'><strong><em>αίνω,</em></strong></span> <span class='ocrx_word' id='word_1_318' title='bbox 825 3724 915 3797; x_wconf 79' lang='grc' dir='ltr'><strong><em>ἁνύο),</em></strong></span> <span class='ocrx_word' id='word_1_319' title='bbox 935 3720 1031 3797; x_wconf 72' lang='grc' dir='ltr'><strong><em>ἅμαξα</em></strong></span> <span class='ocrx_word' id='word_1_320' title='bbox 1050 3735 1102 3784; x_wconf 80' lang='lat' dir='ltr'><strong>etc.</strong></span> <span class='ocrx_word' id='word_1_321' title='bbox 1120 3759 1155 3771; x_wconf 86' lang='lat'><em>-</em></span> <span class='ocrx_word' id='word_1_322' title='bbox 1174 3729 1218 3785; x_wconf 88' lang='lat' dir='ltr'><strong><em>De</em></strong></span> <span class='ocrx_word' id='word_1_323' title='bbox 1237 3745 1306 3786; x_wconf 77' lang='lat' dir='ltr'><strong>voce</strong></span> <span class='ocrx_word' id='word_1_324' title='bbox 1323 3726 1367 3785; x_wconf 80' lang='grc' dir='ltr'><strong><em>δν-</em></strong></span> 
     </span>
     <span class='ocr_line' id='line_1_35' title="bbox 199 3811 1366 3887; baseline 0.003 -17"><span class='ocrx_word' id='word_1_325' title='bbox 199 3811 293 3884; x_wconf 88' lang='grc' dir='ltr'><strong><em>τήλιος</em></strong></span> <span class='ocrx_word' id='word_1_326' title='bbox 311 3816 346 3871; x_wconf 83' lang='lat' dir='ltr'><strong><em>ef.</em></strong></span> <span class='ocrx_word' id='word_1_327' title='bbox 366 3816 400 3871; x_wconf 85' lang='lat' dir='ltr'><strong><em>fr.</em></strong></span> <span class='ocrx_word' id='word_1_328' title='bbox 416 3811 574 3887; x_wconf 83' lang='grc' dir='ltr'><strong><em>παρώπιον.</em></strong></span> <span class='ocrx_word' id='word_1_329' title='bbox 593 3847 628 3856; x_wconf 94' lang='lat'><em>-</em></span> <span class='ocrx_word' id='word_1_330' title='bbox 647 3811 779 3872; x_wconf 80' lang='grc' dir='ltr'><strong><em>αὐτόδιον</em></strong></span> <span class='ocrx_word' id='word_1_331' title='bbox 798 3820 894 3873; x_wconf 87' lang='lat' dir='ltr'><strong>eodem</strong></span> <span class='ocrx_word' id='word_1_332' title='bbox 913 3820 992 3873; x_wconf 89' lang='lat' dir='ltr'><strong>modo</strong></span> <span class='ocrx_word' id='word_1_333' title='bbox 1011 3818 1134 3887; x_wconf 78' lang='lat' dir='ltr'><strong>explicet</strong></span> <span class='ocrx_word' id='word_1_334' title='bbox 1152 3819 1232 3875; x_wconf 76' lang='lat' dir='ltr'><strong>Euri.</strong></span> <span class='ocrx_word' id='word_1_335' title='bbox 1250 3820 1330 3886; x_wconf 87' lang='grc'><strong><em>1605,</em></strong></span> <span class='ocrx_word' id='word_1_336' title='bbox 1342 3819 1366 3874; x_wconf 88' lang='grc'><strong><em>8.</em></strong></span> 
     </span>
    </p>

    <p class='ocr_par' dir='ltr' id='par_1_15' title="bbox 199 3895 1368 4243">
     <span class='ocr_line' id='line_1_36' title="bbox 243 3895 1366 3978; baseline 0.002 -18"><span class='ocrx_word' id='word_1_337' title='bbox 243 3906 287 3960; x_wconf 88' lang='grc'><strong><em>58.</em></strong></span> <span class='ocrx_word' id='word_1_338' title='bbox 306 3906 328 3972; x_wconf 83' lang='lat'><strong><em>²)</em></strong></span> <span class='ocrx_word' id='word_1_339' title='bbox 346 3906 454 3961; x_wconf 83' lang='lat' dir='ltr'><strong>Eadem</strong></span> <span class='ocrx_word' id='word_1_340' title='bbox 467 3908 499 3960; x_wconf 91' lang='grc' dir='ltr'><strong><em>Β.</em></strong></span> <span class='ocrx_word' id='word_1_341' title='bbox 514 3901 624 3972; x_wconf 70' lang='grc' dir='ltr'><strong><em>Α.’411,</em></strong></span> <span class='ocrx_word' id='word_1_342' title='bbox 639 3908 681 3961; x_wconf 88' lang='lat'><strong><em>28.</em></strong></span> <span class='ocrx_word' id='word_1_343' title='bbox 702 3900 832 3962; x_wconf 82' lang='grc' dir='ltr'><strong><em>ἁνύττειν</em></strong></span> <span class='ocrx_word' id='word_1_344' title='bbox 851 3903 878 3962; x_wconf 73' lang='lat' dir='ltr'><strong><em>oi</em></strong></span> <span class='ocrx_word' id='word_1_345' title='bbox 893 3902 1017 3976; x_wconf 73' lang='grc' dir='ltr'><strong><em>Ἀττικοὶ,</em></strong></span> <span class='ocrx_word' id='word_1_346' title='bbox 1037 3895 1111 3978; x_wconf 76' lang='grc' dir='ltr'><strong><em>ὅπερ</em></strong></span> <span class='ocrx_word' id='word_1_347' title='bbox 1129 3900 1212 3976; x_wconf 78' lang='grc' dir='ltr'><strong><em>ἡμεῖς</em></strong></span> <span class='ocrx_word' id='word_1_348' title='bbox 1228 3906 1276 3976; x_wconf 82' lang='lat' dir='ltr'><strong>(ef.</strong></span> <span class='ocrx_word' id='word_1_349' title='bbox 1290 3907 1366 3963; x_wconf 71' lang='lat' dir='ltr'><strong>Eunt.</strong></span> 
     </span>
     <span class='ocr_line' id='line_1_37' title="bbox 200 3987 1368 4067; baseline 0.002 -20"><span class='ocrx_word' id='word_1_350' title='bbox 200 3995 278 4059; x_wconf 85' lang='lat'>1216,</span> <span class='ocrx_word' id='word_1_351' title='bbox 299 3995 352 4062; x_wconf 84' lang='lat'>62),</span> <span class='ocrx_word' id='word_1_352' title='bbox 371 3987 468 4050; x_wconf 84' lang='grc' dir='ltr'><strong><em>ἁνύειν</em></strong></span> <span class='ocrx_word' id='word_1_353' title='bbox 486 3993 517 4048; x_wconf 80' lang='grc' dir='ltr'><strong><em>δὲ</em></strong></span> <span class='ocrx_word' id='word_1_354' title='bbox 536 3989 568 4049; x_wconf 84' lang='grc' dir='ltr'><strong><em>τὸ</em></strong></span> <span class='ocrx_word' id='word_1_355' title='bbox 588 3990 730 4059; x_wconf 87' lang='grc' dir='ltr'><strong><em>σπεύδειν,</em></strong></span> <span class='ocrx_word' id='word_1_356' title='bbox 751 3997 852 4050; x_wconf 87' lang='grc' dir='ltr'><strong><em>δασεῖα</em></strong></span> <span class='ocrx_word' id='word_1_357' title='bbox 870 3993 901 4049; x_wconf 76' lang='grc' dir='ltr'><strong><em>δὲ</em></strong></span> <span class='ocrx_word' id='word_1_358' title='bbox 919 3989 936 4063; x_wconf 79' lang='grc' dir='ltr'><em>ἢ</em></span> <span class='ocrx_word' id='word_1_359' title='bbox 956 3991 1064 4067; x_wconf 83' lang='grc' dir='ltr'><strong><em>πρώτη.</em></strong></span> <span class='ocrx_word' id='word_1_360' title='bbox 1097 3996 1233 4051; x_wconf 76' lang='lat' dir='ltr'><strong>Doctrina</strong></span> <span class='ocrx_word' id='word_1_361' title='bbox 1250 3995 1368 4052; x_wconf 79' lang='lat' dir='ltr'><strong>recurrit</strong></span> 
     </span>
     <span class='ocr_line' id='line_1_38' title="bbox 199 4078 1368 4154; baseline 0.003 -20"><span class='ocrx_word' id='word_1_362' title='bbox 199 4082 230 4135; x_wconf 92' lang='grc' dir='ltr'><strong><em>Β.</em></strong></span> <span class='ocrx_word' id='word_1_363' title='bbox 246 4083 337 4150; x_wconf 88' lang='grc' dir='ltr'><strong><em>Α.14,</em></strong></span> <span class='ocrx_word' id='word_1_364' title='bbox 353 4084 394 4137; x_wconf 82' lang='grc'><strong><em>17.</em></strong></span> <span class='ocrx_word' id='word_1_365' title='bbox 414 4078 511 4138; x_wconf 85' lang='grc' dir='ltr'><strong><em>ἁνύειν</em></strong></span> <span class='ocrx_word' id='word_1_366' title='bbox 530 4079 700 4138; x_wconf 91' lang='grc' dir='ltr'><strong><em>δασύνουσιν</em></strong></span> <span class='ocrx_word' id='word_1_367' title='bbox 720 4079 880 4138; x_wconf 79' lang='grc' dir='ltr'><strong><em>οίἈττικοί.</em></strong></span> <span class='ocrx_word' id='word_1_368' title='bbox 901 4087 950 4138; x_wconf 87' lang='grc' dir='ltr'><strong><em>καί</em></strong></span> <span class='ocrx_word' id='word_1_369' title='bbox 965 4086 1051 4154; x_wconf 83' lang='grc' dir='ltr'><strong><em>δῆλον</em></strong></span> <span class='ocrx_word' id='word_1_370' title='bbox 1070 4080 1103 4140; x_wconf 78' lang='grc' dir='ltr'><strong><em>ἐκ</em></strong></span> <span class='ocrx_word' id='word_1_371' title='bbox 1117 4087 1167 4154; x_wconf 82' lang='grc' dir='ltr'><strong><em>τῆς</em></strong></span> <span class='ocrx_word' id='word_1_372' title='bbox 1186 4086 1368 4154; x_wconf 75' lang='grc' dir='ltr'><strong><em>συναλοιφῆς.</em></strong></span> 
     </span>
     <span class='ocr_line' id='line_1_39' title="bbox 199 4165 1367 4243; baseline 0.003 -21"><span class='ocrx_word' id='word_1_373' title='bbox 199 4165 367 4237; x_wconf 84' lang='grc' dir='ltr'><strong><em>καθήννσαν</em></strong></span> <span class='ocrx_word' id='word_1_374' title='bbox 385 4168 441 4243; x_wconf 79' lang='grc' dir='ltr'><strong><em>γὰρ</em></strong></span> <span class='ocrx_word' id='word_1_375' title='bbox 460 4172 505 4240; x_wconf 82' lang='grc' dir='ltr'><strong><em>(σί.</em></strong></span> <span class='ocrx_word' id='word_1_376' title='bbox 525 4173 592 4227; x_wconf 84' lang='lat' dir='ltr'><strong>Hes.</strong></span> <span class='ocrx_word' id='word_1_377' title='bbox 611 4167 785 4239; x_wconf 77' lang='grc' dir='ltr'><strong><em>καθανύσαι)</em></strong></span> <span class='ocrx_word' id='word_1_378' title='bbox 808 4175 892 4228; x_wconf 91' lang='lat' dir='ltr'><strong>Moer.</strong></span> <span class='ocrx_word' id='word_1_379' title='bbox 913 4189 934 4229; x_wconf 83' lang='lat' dir='ltr'><strong><em>s.</em></strong></span> <span class='ocrx_word' id='word_1_380' title='bbox 954 4192 978 4229; x_wconf 89' lang='lat' dir='ltr'><strong><em>v.</em></strong></span> <span class='ocrx_word' id='word_1_381' title='bbox 998 4165 1096 4242; x_wconf 72' lang='grc' dir='ltr'><strong><em>ἤνυσα.</em></strong></span> <span class='ocrx_word' id='word_1_382' title='bbox 1122 4179 1151 4230; x_wconf 86' lang='lat' dir='ltr'><strong><em>et</em></strong></span> <span class='ocrx_word' id='word_1_383' title='bbox 1168 4166 1279 4238; x_wconf 75' lang='grc' dir='ltr'><strong><em>ἀνύσας</em></strong></span> <span class='ocrx_word' id='word_1_384' title='bbox 1294 4169 1367 4243; x_wconf 75' lang='grc' dir='ltr'><strong><em>λέγε.</em></strong></span> 
     </span>
    </p>
   </div>
   <div class='ocr_carea' id='block_1_5' title="bbox 198 4253 1367 4416">
    <p class='ocr_par' dir='ltr' id='par_1_16' title="bbox 198 4253 1367 4416">
     <span class='ocr_line' id='line_1_40' title="bbox 198 4253 1367 4332; baseline 0.005 -21"><span class='ocrx_word' id='word_1_385' title='bbox 198 4288 234 4298; x_wconf 93' lang='lat'>-</span> <span class='ocrx_word' id='word_1_386' title='bbox 252 4258 443 4328; x_wconf 64' lang='lat' dir='ltr'><strong>etymologica</strong></span> <span class='ocrx_word' id='word_1_387' title='bbox 462 4265 571 4315; x_wconf 80' lang='lat' dir='ltr'><strong>tantum</strong></span> <span class='ocrx_word' id='word_1_388' title='bbox 584 4254 663 4315; x_wconf 85' lang='grc' dir='ltr'><strong><em>δινύω</em></strong></span> <span class='ocrx_word' id='word_1_389' title='bbox 678 4278 738 4316; x_wconf 87' lang='lat' dir='ltr'><strong><em>eum</em></strong></span> <span class='ocrx_word' id='word_1_390' title='bbox 753 4253 821 4325; x_wconf 81' lang='grc' dir='ltr'><strong><em>δίνα,</em></strong></span> <span class='ocrx_word' id='word_1_391' title='bbox 841 4253 946 4330; x_wconf 79' lang='grc' dir='ltr'><strong><em>ἄνομοι</em></strong></span> <span class='ocrx_word' id='word_1_392' title='bbox 965 4263 1079 4332; x_wconf 79' lang='lat' dir='ltr'><strong>iungere</strong></span> <span class='ocrx_word' id='word_1_393' title='bbox 1098 4263 1220 4330; x_wconf 74' lang='lat' dir='ltr'><strong>student,</strong></span> <span class='ocrx_word' id='word_1_394' title='bbox 1238 4260 1275 4318; x_wconf 82' lang='lat' dir='ltr'><strong><em>ei.</em></strong></span> <span class='ocrx_word' id='word_1_395' title='bbox 1289 4261 1367 4317; x_wconf 70' lang='lat' dir='ltr'><strong><em>Eunt</em></strong></span> 
     </span>
     <span class='ocr_line' id='line_1_41' title="bbox 199 4347 672 4416; baseline 0.006 -15"><span class='ocrx_word' id='word_1_396' title='bbox 199 4362 226 4415; x_wconf 87' lang='lat' dir='ltr'><strong><em>p.</em></strong></span> <span class='ocrx_word' id='word_1_397' title='bbox 245 4347 307 4414; x_wconf 77' lang='lat'>802,</span> <span class='ocrx_word' id='word_1_398' title='bbox 326 4347 369 4402; x_wconf 82' lang='grc'><strong><em>26.</em></strong></span> <span class='ocrx_word' id='word_1_399' title='bbox 388 4349 450 4414; x_wconf 88' lang='grc'><strong><em>453,</em></strong></span> <span class='ocrx_word' id='word_1_400' title='bbox 470 4351 610 4416; x_wconf 72' lang='lat'><strong>51:1784,</strong></span> <span class='ocrx_word' id='word_1_401' title='bbox 629 4352 672 4406; x_wconf 85' lang='grc'><strong><em>39.</em></strong></span> 
     </span>
    </p>
   </div>
   <div class='ocr_carea' id='block_1_6' title="bbox 0 0 1512 5040">
    <p class='ocr_par' dir='ltr' id='par_1_17' title="bbox 0 0 1512 5040">
     <span class='ocr_line' id='line_1_42' title="bbox 0 0 1512 5040; baseline 0 0"><span class='ocrx_word' id='word_1_402' title='bbox 0 0 1512 5040; x_wconf 95' lang='lat' dir='ltr'><strong><em> </em></strong></span> 
     </span>
    </p>
   </div>
  </div>
 </body>
</html>
