3000 5040
720 212 763 278 62

157 373 198 439 ab
217 372 363 439 omnibus
380 372 538 439 adibatur.
572 372 734 448 Auctores,
752 392 831 456 quos
849 372 967 436 addere
984 369 1113 455 placuit,
1131 370 1324 440 adiecerunt

158 520 200 529 -
220 480 374 546 Doctrina
391 480 575 554 Pausaniae,
593 480 696 564 qualis
714 481 747 543 in
766 479 803 545 fr.
820 479 884 544 306
902 477 995 545 nobis
1013 479 1160 557 occurrit,
1178 479 1226 546 sic
1244 502 1325 548 com-

157 593 272 671 parata
295 593 352 663 est,
374 592 411 651 ut
432 586 528 663 τέλος
550 587 643 651 radix
665 587 849 670 praecedat,
871 587 923 650 cui
945 586 1090 651 derivata
1112 577 1247 674 ἀτελής,
1267 611 1326 654 πο-

158 689 307 780 λυτελής,
332 686 479 779 εὐτελής,
501 693 648 773 τελέται,
670 697 855 773 τελεῖσθαι,
877 688 1055 780 τελειότης,
1077 692 1213 775 τέλειοι,
1236 691 1271 760 οἱ
1292 691 1326 759 έν

157 804 246 866 τέλει
273 801 495 883 adiungrmtur.
542 801 633 879 Quod
660 821 700 864 ex
727 799 889 865 Eustathii
915 821 1003 865 more
1030 798 1151 866 factum
1178 822 1263 878 esse,
1292 805 1326 865 ut

159 911 227 974 voei
251 907 457 992 explicandae
479 915 601 973 ceteras
624 907 742 973 similes
760 907 902 982 adderet,
924 905 1059 973 fortasse
1076 908 1250 991 putaveris.
1280 907 1327 971 Ex

158 1021 250 1098 parte
272 1035 381 1080 verum
403 1021 460 1081 est.
505 1015 612 1079 Prima
635 1035 709 1079 vero
732 1014 830 1079 verba
853 1005 985 1100 ἀτελής,
1011 1005 1216 1101 πολυτελὴς,
1238 1005 1325 1078 εὐτε-

159 1116 217 1208 λής
234 1122 298 1188 iam
315 1123 401 1205 apud
420 1121 577 1187 atticistas
595 1142 660 1186 una
677 1121 782 1205 glossa
800 1122 983 1187 coniunctas
997 1120 1096 1187 luisse
1109 1123 1229 1187 docent
1242 1120 1325 1187 Suid.

158 1249 183 1293 s.
201 1251 228 1294 v.
247 1219 357 1315 ἀτελῆ.
380 1228 416 1294 Β.
435 1228 472 1293 Α.
491 1228 573 1305 458,
592 1228 644 1292 26.
663 1266 705 1275 -
728 1227 839 1313 Neque
866 1248 940 1294 vero
967 1227 1127 1294 atticistae
1155 1229 1325 1295 coniunxe-

158 1341 242 1413 runt,
265 1335 322 1401 sed
344 1356 396 1400 res
418 1334 482 1399 iam
505 1335 605 1400 multo
628 1336 782 1401 vetustior
805 1340 866 1400 est:
890 1334 928 1401 of.
947 1333 1062 1400 Athen.
1081 1333 1124 1399 Π.
1142 1336 1233 1403 401).

490 1447 602 1507 θεοῖσι
624 1433 725 1526 μικρὰ
749 1436 894 1519 θύοντες
916 1440 994 1528 τέλη

246 1554 318 1614 τῶν
340 1544 607 1629 βουθυτούντων
630 1541 732 1626 όντας
755 1540 1008 1634 εὐσεβεστέρους

246 1648 428 1740 Εὐριπίδης
447 1655 499 1741 (fr.
518 1655 607 1739 329.)
626 1657 706 1741 φησὶ
725 1656 781 1720 καὶ
801 1656 951 1742 σημαίνει
971 1641 1038 1720 σόδε
1059 1644 1101 1721 τὸ
1124 1653 1245 1734 τέλος
1265 1645 1324 1740 τὴν

159 1763 293 1827 θυσίαν.
327 1762 384 1825 καὶ
400 1752 539 1847 Ὅμηρος

248 1859 289 1933 οδ
311 1859 373 1952 γὰρ
398 1864 501 1952 έγωγέ
522 1869 555 1933 τί
578 1891 662 1955 φημι
685 1867 779 1946 τέλος
799 1867 1015 1954 χαριέστερον
1038 1862 1124 1934 εἶναι

247 1967 267 2062 ἢ
291 1965 374 2041 όταν
397 1965 609 2061 εὐφροσύνην
632 1975 693 2060 μὲν
716 1972 771 2060 έχῃ
795 1966 881 2048 κατὰ
905 1977 1011 2062 δῆμον
1034 1964 1178 2041 ἅπαντα.

159 2073 318 2158 τελετὰς
353 2085 522 2165 καλοῦμεν
552 2073 612 2159 τδις
644 2079 692 2147 έτι
723 2084 855 2166 μείζους
886 2083 944 2146 καὶ
975 2077 1057 2166 μετά
1089 2103 1184 2160 τινος
1213 2098 1325 2167 μυστι-

158 2196 218 2274 κῆς
240 2183 459 2273 παραδόσεως
487 2179 605 2274 ἓορτδις
632 2195 702 2254 τῶν
730 2187 776 2266 εἰς
805 2179 907 2265 αότόις
940 2184 1192 2274 δαπανημάτων
1220 2185 1325 2255 ἕνεκα.

158 2299 290 2359 τελεῖν
308 2285 370 2379 γὰρ
389 2286 428 2359 τό
449 2296 605 2360 δαπανᾶν
623 2297 680 2360 καὶ
697 2300 930 2373 πολυτελεῖς
948 2292 980 2360 οἱ
998 2285 1107 2360 πολλὰ
1126 2285 1326 2363 ἀναλίσκον-

160 2425 214 2478 τες
241 2403 298 2466 καὶ
321 2395 495 2479 εὐτελεῖς
522 2400 556 2467 οἱ
583 2395 685 2487 ὀλίγα.
732 2403 831 2480 Quem
859 2403 979 2469 fontem
1002 2402 1186 2468 Athenaeus
1214 2424 1326 2487 sequa-

160 2516 222 2587 tur,
246 2532 316 2575 eum
340 2515 426 2575 extet
444 2511 661 2575 tantummodo
682 2515 864 2594 excerptum
881 2511 1028 2586 lacerum,
1051 2509 1114 2574 dici
1131 2530 1197 2575 non
1215 2516 1327 2595 potest

160 2616 312 2694 Lexicon,
341 2618 367 2681 si
391 2614 647 2681 Schoenemanno
674 2619 844 2682 adsentiris
870 2640 899 2701 p.
921 2617 984 2691 79,
1011 2615 1073 2680 luit
1099 2615 1327 2701 Pamphileum.

161 2722 327 2788 Simillimo
355 2723 454 2806 igitur
481 2743 519 2787 ex
546 2723 602 2788 illo
629 2723 729 2790 lexico
757 2724 798 2789 ad
826 2724 983 2789 atticistas
1005 2728 1038 2789 et
1060 2723 1102 2789 ad
1124 2723 1329 2791 Eustathium

160 2830 324 2895 transiisse
347 2836 591 2895 consentaneum
615 2835 671 2896 est.

249 2936 423 3001 Pausanias
441 2957 515 3001 vero
534 2958 597 3002 non
612 2936 712 3003 solum
726 2936 949 3021 Aristophanis
962 2939 1139 3004 doctrinam
1156 2959 1216 3021 per
1230 2938 1328 3022 Didy-

161 3064 246 3106 mum
260 3048 420 3108 assecutus
436 3050 491 3120 est,
511 3044 566 3108 scd
581 3045 647 3127 ipse
662 3043 765 3109 verbis
780 3044 962 3110 clarissimis
976 3066 1010 3110 se
1024 3045 1152 3128 Didymi
1166 3065 1266 3129 opera
1280 3066 1326 3110 se-

161 3154 269 3214 cutum
291 3169 358 3215 esse
380 3147 555 3232 profitetur.
579 3150 617 3214 of.
637 3151 782 3216 Eustath.
802 3173 831 3234 p.
853 3151 946 3216 1039.
968 3152 1018 3218 36.
1038 3151 1091 3236 (fr.
1110 3151 1178 3238 86).
1203 3145 1327 3236 ἄφλα-

163 3272 258 3321 στον
277 3254 322 3336 δέ,
341 3271 454 3338 φασιν,
473 3248 547 3340 ουχὶ
560 3248 600 3320 τό
616 3247 847 3341 ἅκροστόλιον,
867 3258 1063 3344 διαφέρουσι
1081 3250 1143 3343 γὰρ
1164 3255 1198 3323 αἱ
1216 3258 1328 3341 λέξεις,

162 3353 247 3426 ἀλλὰ
270 3353 367 3426 κατὰ
386 3363 573 3447 Λίδυμον,
597 3354 648 3440 δίς
666 3381 761 3450 φησι
780 3366 1022 3444 Παυσανίας,
1044 3355 1084 3430 τό
1104 3363 1160 3431 ἐπὶ
1176 3361 1328 3453 πρύμνης

162 3462 410 3553 οίνατεταμένον
420 3468 465 3546 εἰς
474 3461 561 3554 ὕψος
571 3469 608 3534 ἐκ
618 3468 775 3536 κανόνων
785 3471 952 3551 πλατέων,
967 3468 1143 3559 διήκοντος
1157 3465 1205 3538 δι’
1216 3464 1328 3538 αὐτῶν

161 3576 306 3654 πλατέος
332 3578 494 3641 κανονίου
522 3581 592 3641 κτλ.
614 3600 658 3626 ¹-
684 3569 908 3663 ἄκροστόλιον
936 3579 974 3643 δέ
996 3595 1078 3661 φασι
1103 3571 1144 3644 τό
1173 3571 1244 3645 ἀπὸ
1271 3586 1328 3666 τῆς

162 3692 287 3771 πτυχῆς
309 3676 487 3749 ἀνατεῖνον
511 3679 611 3764 ξύλον
634 3683 690 3748 ἐπὶ
712 3677 774 3770 τὴν
797 3681 952 3770 πρρόραν,
978 3687 1057 3771 περὶ
1079 3673 1120 3750 οὗ
1142 3686 1201 3751 καὶ
1224 3678 1329 3752 αὐτοῦ

162 3809 264 3877 φησιν
287 3784 305 3856 ὃ
329 3791 485 3874 Δίδυμος,
513 3781 566 3856 ὅτι
593 3782 837 3875 τὸλεγόμενον
861 3783 1083 3876 όκροστόλιόν
1110 3789 1202 3858 ἐστιν
1225 3785 1329 3879 όικρσς

164 3893 288 3975 στόλος.
312 3898 350 3964 cf.
364 3897 402 3964 fr.
413 3899 464 3964 86.
478 3904 542 3964 not.
554 3898 582 3961 3.
607 3898 698 3976 Quod
712 3898 840 3980 Didymi
854 3919 968 3963 nomen
981 3899 1035 3964 hic
1047 3900 1183 3964 iteratur
1202 3899 1329 3985 (fragm

163 4023 211 4087 ap.
227 4003 433 4070 Schmidtium
454 4005 566 4089 deest),
585 4010 617 4068 et
635 4007 719 4088 apud
738 4004 978 4087 lexicographos
993 4004 1096 4093 (Suid.
1111 4005 1215 4072 Schol.
1226 4007 1329 4092 Apoll

163 4108 263 4175 Rhod.
286 4111 310 4176 Ι.
336 4112 436 4197 1089)
465 4113 574 4176 eadem
602 4112 747 4176 doctrina
774 4112 871 4188 redit,
899 4113 995 4178 etiarn
1022 4104 1246 4198 ἄκροστόλισν
1268 4135 1330 4180 vox

163 4214 337 4285 Pausaniae
364 4218 536 4283 tribuenda
563 4223 619 4283 est.
665 4219 733 4296 Quo
762 4239 800 4283 ex
827 4218 922 4296 libro,
949 4224 1056 4284 utrum
1083 4242 1122 4285 ex
1147 4220 1249 4287 lexico
1277 4241 1328 4286 co

163 4322 243 4388 mico
266 4345 307 4387 an
330 4346 368 4388 ex
386 4325 496 4389 Iliadis
516 4327 739 4392 commentario
757 4326 942 4408 prodierint,
966 4325 1117 4393 Schmidt.
1136 4328 1208 4396 Did.
1226 4350 1256 4413 p.
1276 4326 1327 4395 79.
