3000 5040
727 216 749 279 4

250 375 328 441 Cum
350 376 449 459 igitur
471 380 536 440 tres
559 375 633 439 illae
656 375 868 452 collectiones,
895 397 977 458 quac
999 376 1094 442 hodie
1117 382 1238 453 extant,
1263 399 1336 443 rem

160 503 223 548 non
246 483 452 560 absolverint,
479 483 543 548 iam
566 483 784 567 exponendum
806 484 944 560 videtur,
972 484 1087 568 quibus
1109 486 1255 568 perducti
1280 507 1334 550 ra-

160 590 299 656 tionibus
321 592 363 655 ad
385 610 498 656 novam
521 589 736 656 collectionem
759 591 935 673 parandam
957 591 1187 669 accesserimus,
1210 598 1243 656 et
1268 614 1335 676 qua

160 699 310 764 methodo
333 720 390 764 nos
412 698 505 781 plura
527 699 630 764 adhuc
648 697 763 782 prioris
788 699 950 764 doctrinae
973 697 1108 764 frustula
1131 719 1169 763 ex
1191 700 1333 781 posteri-

159 828 250 871 orum
282 804 441 890 operibus‚
472 806 627 891 imprimis
654 827 692 870 ex
717 805 878 871 Eustathii
906 807 1138 872 commentariis
1166 806 1334 873 elicituros

160 935 227 980 esse
250 935 417 998 speremus.

247 1021 297 1086 Ab
320 1020 525 1087 Eustathio
553 1020 636 1085 enim
663 1020 740 1102 quin
767 1018 1028 1104 proficiscendum
1055 1023 1110 1098 sit,
1138 1020 1241 1086 nullus
1269 1023 1333 1086 du·

158 1129 236 1195 bito.
277 1130 335 1194 Ille
357 1129 496 1212 plurima
517 1127 696 1212 fragmenta
718 1128 868 1205 continet,
890 1128 944 1192 ille
963 1130 1086 1194 ratione
1105 1130 1241 1213 quadam
1264 1129 1334 1193 sin-

159 1239 271 1323 gulari,
295 1257 375 1321 quae
398 1239 432 1300 in
451 1236 555 1320 capite
573 1236 670 1300 tertio
693 1234 785 1301 nobis
808 1235 994 1319 explicanda
1023 1238 1092 1314 erit,
1115 1236 1334 1301 atticistarum

160 1346 259 1412 libros
282 1344 437 1410 adhibuit.
482 1343 561 1407 Inde
584 1345 647 1408 iam
671 1347 817 1427 apparet,
840 1365 896 1408 cur
918 1365 1000 1409 nova
1022 1343 1109 1421 artis,
1132 1324 1213 1427 quae
1235 1365 1333 1408 voca»

160 1459 228 1530 tur,
259 1451 387 1529 criticae
419 1449 561 1515 subsidia
588 1449 647 1514 hac
674 1451 707 1514 in
735 1450 918 1516 collectione
946 1451 1080 1516 inveniri
1107 1451 1333 1534 nonpossint:

160 1582 230 1624 cum
253 1578 414 1624 careamus
437 1561 592 1640 apparatu
615 1557 834 1621 Eustathiano
879 1557 990 1640 Neque
1017 1558 1059 1623 ad
1086 1563 1229 1623 nostrum
1252 1578 1332 1622 con-

160 1666 264 1732 silium
291 1664 425 1729 multum
452 1662 564 1740 refert,
592 1663 668 1747 quid
696 1684 806 1729 revera
832 1664 866 1728 in
889 1664 1034 1730 Eustath
1059 1664 1219 1730 codicibus
1241 1664 1332 1748 lega-

161 1777 222 1850 tur,
242 1794 311 1837 cum
330 1772 543 1836 atticistarum
561 1769 740 1853 fragmenta
757 1772 883 1848 totiens,
902 1775 938 1835 ut
956 1771 1005 1836 vel
1024 1770 1128 1836 obiter
1146 1770 1333 1855 inspicienti

160 1880 262 1944 lexica
292 1899 407 1961 graeca
438 1883 582 1961 apertum
610 1874 678 1953 fiet,
705 1878 789 1960 apud
817 1878 890 1943 Hes.
917 1878 1008 1943 Phot.
1037 1877 1123 1944 Suid.
1151 1879 1185 1943 B.
1212 1878 1249 1943 A.
1278 1879 1332 1943 Et.

160 1987 243 2070 Mag.
268 1985 349 2051 Gud.
372 1991 493 2051 ceteros
516 1985 661 2061 redeant,
689 1989 725 2048 ut
747 1984 833 2049 haud
859 1985 991 2050 dubium
1013 1986 1068 2063 sit,
1096 1985 1171 2069 quid
1194 1986 1331 2068 scripse-

159 2095 238 2171 rint,
267 2094 327 2159 etsi
353 2114 418 2158 una
439 2114 478 2157 ex
500 2097 590 2176 parte
613 2091 853 2156 fundamentum
881 2093 1024 2158 criticum
1047 2092 1152 2158 debile
1175 2092 1331 2159 videatur.

248 2201 286 2266 ln
307 2201 416 2266 lexicis
440 2206 545 2266 antem
569 2199 651 2264 Aelii
675 2200 818 2283 Dionysii
847 2204 878 2265 et
900 2200 1076 2266 Pausaniae
1098 2201 1331 2266 resarcinandis

160 2310 193 2374 id
216 2309 370 2393 imprimis
393 2308 557 2374 consilium
585 2307 685 2372 secuti
712 2328 819 2372 sumus
841 2312 878 2372 ut
900 2307 1078 2392 fragmenta
1100 2309 1331 2386 tantummode,

160 2439 241 2502 quae
264 2417 412 2482 directa
433 2421 584 2482 vocantur
606 2417 626 2481 i.
650 2436 676 2480 e.
699 2435 780 2498 quae
802 2417 929 2480 nomine
956 2421 1120 2481 auctorum
1143 2419 1254 2481 ornata
1276 2417 1329 2479 in-

160 2527 341 2602 veniuntur,
369 2523 585 2607 colligeremus
613 2524 715 2608 iisque
738 2543 776 2588 ea
798 2529 923 2588 tantum
945 2523 1218 2607 subiungeremus,
1247 2544 1331 2606 quae

160 2631 346 2698 Eustathius
365 2653 381 2695 1
400 2632 518 2709 lexicis,
537 2652 616 2716 quae
635 2630 783 2714 appellat,
801 2630 967 2696 rhetoricis
982 2652 1071 2695 sunm
1089 2633 1123 2694 in
1141 2652 1233 2695 usum
1252 2651 1329 2695 con-

160 2743 306 2804 verterat.
353 2739 588 2805 Elementorum
611 2759 684 2804 vero
709 2739 827 2816 ordini,
850 2759 911 2822 quo
935 2737 1019 2803 Aelii
1042 2738 1185 2822 Dionysii
1208 2738 1329 2802 Pausa-

160 2847 232 2911 niae
259 2846 436 2929 fragmenta
463 2846 638 2928 promiscue
665 2844 879 2929 proferentur,
913 2845 969 2909 illa
997 2847 1135 2910 inserere
1163 2845 1330 2922 noluimus

161 2975 230 3018 curn
257 2974 320 3018 non
348 2953 387 3016 de
416 2952 573 3030 omnibus,
600 2954 654 3017 sed
684 2953 723 3016 de
751 2951 894 3035 pluribus
921 2957 1046 3018 tantum
1073 2953 1226 3036 originem
1249 2953 1328 3017 atti-

161 3061 247 3124 cistis
271 3059 378 3125 deberi
402 3064 532 3125 constet.
578 3058 612 3123 si
636 3058 687 3124 cui
710 3059 841 3136 cautius,
865 3082 958 3144 quam
979 3082 1039 3144 par
1061 3065 1117 3137 est,
1140 3061 1329 3144 processisse

160 3167 335 3246 videamur,
367 3188 489 3244 cavere,
520 3187 560 3232 ne
591 3167 684 3231 nimis
711 3167 836 3250 providi
864 3188 959 3250 quam
985 3168 1146 3233 temerarii
1175 3189 1329 3245 vocemur,

160 3274 334 3340 maluimus.

249 3381 479 3447 Adnotationes
511 3403 599 3459 vere,
631 3403 709 3465 quas
737 3381 968 3460 subiunximus,
1000 3383 1079 3448 duas
1112 3385 1178 3448 vias
1205 3382 1328 3467 aperire

162 3488 292 3554 debent:
324 3496 361 3555 ut
384 3495 599 3572 cognoscatur,
622 3491 769 3574 quotiens
793 3511 831 3555 ex
853 3491 1066 3556 atticistarum
1089 3490 1201 3574 opibus
1224 3494 1328 3573 poste-

160 3600 259 3661 riores
283 3596 347 3683 (vel
369 3597 582 3681 lexicographi
605 3598 654 3662 vel
678 3597 954 3684 commentatores)
984 3619 1041 3663 sua
1063 3598 1329 3680 deprompserint:

160 3709 228 3766 tum
251 3724 324 3768 vero
347 3709 392 3781 ut,
415 3705 519 3788 quoad
542 3705 609 3769 eius
631 3703 700 3768 fieri
722 3706 831 3788 possit,
854 3705 1087 3786 intellegamus,
1109 3705 1194 3768 unde
1217 3725 1326 3768 saecu-

160 3810 226 3875 lum
253 3811 331 3876 illud
358 3812 528 3889 Hadriani,
560 3812 645 3895 quod
677 3813 774 3876 attico
803 3813 940 3876 sermoni
967 3809 1121 3892 imprimis
1148 3809 1327 3872 incubuisse

161 3923 293 3995 constat,
316 3920 492 3986 doctrinam
515 3940 603 3985 suam
621 3918 771 3994 hauserit,
794 3919 860 3982 11.
884 3938 922 3981 ex
945 3913 1230 3980 Alexandrinorum
1254 3914 1327 3977 doc-

160 4025 245 4088 trina
267 4026 397 4108 ingenti.

249 4132 436 4215 Priusquam
454 4138 561 4198 autem
584 4134 623 4197 de
646 4132 858 4196 atticistarum
876 4127 1055 4210 operibns
1073 4125 1249 4191 accuratius
1268 4145 1325 4188 no-

160 4238 210 4302 bis
232 4240 389 4320 agendum
412 4244 469 4316 est,
491 4239 679 4321 paucissima
701 4237 766 4312 illa,
789 4255 870 4318 quae
892 4239 1014 4299 veteres
1038 4235 1076 4298 de
1099 4231 1224 4296 illorum
1247 4233 1327 4297 vita

160 4349 255 4428 atque
279 4344 423 4409 doctrina
445 4344 654 4429 protulerunt,
677 4341 838 4408 afferenda
861 4345 893 4406 et
916 4340 1125 4407 examinanda
1148 4346 1229 4405 sunt.
