<?xml version="1.0" encoding="UTF-8"?>
<!DOCTYPE html PUBLIC "-//W3C//DTD XHTML 1.0 Transitional//EN"
    "http://www.w3.org/TR/xhtml1/DTD/xhtml1-transitional.dtd">
<html xmlns="http://www.w3.org/1999/xhtml" xml:lang="en" lang="en">
 <head>
  <title>
</title>
<meta http-equiv="Content-Type" content="text/html;charset=utf-8" />
  <meta name='ocr-system' content='tesseract 3.04.00' />
  <meta name='ocr-capabilities' content='ocr_page ocr_carea ocr_par ocr_line ocrx_word'/>
</head>
<body>
  <div class='ocr_page' id='page_1' title='image "./aeliidionysiiet00pausgoog_0174.png"; bbox 0 0 3000 5040; ppageno 0'>
   <div class='ocr_carea' id='block_1_1' title="bbox 664 249 727 314">
    <p class='ocr_par' dir='ltr' id='par_1_1' title="bbox 664 249 727 314">
     <span class='ocr_line' id='line_1_1' title="bbox 664 249 727 314; baseline 0 0"><span class='ocrx_word' id='word_1_1' title='bbox 664 249 727 314; x_wconf 84' lang='lat'><strong><em>159</em></strong></span> 
     </span>
    </p>
   </div>
   <div class='ocr_carea' id='block_1_2' title="bbox 105 399 1320 2634">
    <p class='ocr_par' dir='ltr' id='par_1_2' title="bbox 105 399 1316 922">
     <span class='ocr_line' id='line_1_2' title="bbox 105 399 1274 493; baseline -0.003 -16"><span class='ocrx_word' id='word_1_2' title='bbox 105 411 246 477; x_wconf 81' lang='grc' dir='ltr'><strong><em>παλαιοὶ</em></strong></span> <span class='ocrx_word' id='word_1_3' title='bbox 267 399 348 486; x_wconf 75' lang='grc' dir='ltr'><strong><em>τοὺς</em></strong></span> <span class='ocrx_word' id='word_1_4' title='bbox 370 407 425 475; x_wconf 79' lang='grc' dir='ltr'><strong><em>ἐπί</em></strong></span> <span class='ocrx_word' id='word_1_5' title='bbox 447 431 480 474; x_wconf 93' lang='grc' dir='ltr'><strong><em>τι</em></strong></span> <span class='ocrx_word' id='word_1_6' title='bbox 501 412 807 493; x_wconf 87' lang='grc' dir='ltr'><strong><em>τερατολογοῦντας</em></strong></span> <span class='ocrx_word' id='word_1_7' title='bbox 830 402 979 490; x_wconf 78' lang='grc' dir='ltr'><strong><em>ἔφασκον</em></strong></span> <span class='ocrx_word' id='word_1_8' title='bbox 1002 400 1060 491; x_wconf 81' lang='grc' dir='ltr'><strong><em>ἔφ’</em></strong></span> <span class='ocrx_word' id='word_1_9' title='bbox 1079 399 1183 493; x_wconf 77' lang='grc' dir='ltr'><strong><em>ὅλμον</em></strong></span> <span class='ocrx_word' id='word_1_10' title='bbox 1206 431 1274 474; x_wconf 89' lang='grc' dir='ltr'><strong><em>κοι-</em></strong></span> 
     </span>
     <span class='ocr_line' id='line_1_3' title="bbox 105 506 1275 602; baseline -0.003 -18"><span class='ocrx_word' id='word_1_11' title='bbox 105 523 244 602; x_wconf 82' lang='grc' dir='ltr'><strong><em>μᾶσθαι.</em></strong></span> <span class='ocrx_word' id='word_1_12' title='bbox 293 507 346 583; x_wconf 84' lang='grc' dir='ltr'><strong><em>6ιό</em></strong></span> <span class='ocrx_word' id='word_1_13' title='bbox 378 517 436 581; x_wconf 87' lang='grc' dir='ltr'><strong><em>καὶ</em></strong></span> <span class='ocrx_word' id='word_1_14' title='bbox 462 516 691 592; x_wconf 81' lang='grc' dir='ltr'><strong><em>Παυσανίας</em></strong></span> <span class='ocrx_word' id='word_1_15' title='bbox 722 513 778 580; x_wconf 81' lang='grc' dir='ltr'><strong><em>ἐπί</em></strong></span> <span class='ocrx_word' id='word_1_16' title='bbox 805 538 881 580; x_wconf 91' lang='grc' dir='ltr'><strong><em>τινα</em></strong></span> <span class='ocrx_word' id='word_1_17' title='bbox 907 506 1039 601; x_wconf 85' lang='grc' dir='ltr'><strong><em>γραφὴν</em></strong></span> <span class='ocrx_word' id='word_1_18' title='bbox 1067 511 1157 599; x_wconf 88' lang='grc' dir='ltr'><strong><em>ἔλεγε</em></strong></span> <span class='ocrx_word' id='word_1_19' title='bbox 1184 506 1275 601; x_wconf 81' lang='grc' dir='ltr'><strong><em>παρ’</em></strong></span> 
     </span>
     <span class='ocr_line' id='line_1_4' title="bbox 107 613 1276 708; baseline -0.003 -18"><span class='ocrx_word' id='word_1_20' title='bbox 107 613 233 708; x_wconf 81' lang='grc' dir='ltr'><strong><em>ὅλμου</em></strong></span> <span class='ocrx_word' id='word_1_21' title='bbox 260 616 495 689; x_wconf 78' lang='grc' dir='ltr'><strong><em>ὑπνώττειν.</em></strong></span> <span class='ocrx_word' id='word_1_22' title='bbox 537 624 594 688; x_wconf 88' lang='grc' dir='ltr'><strong><em>καὶ</em></strong></span> <span class='ocrx_word' id='word_1_23' title='bbox 626 621 673 700; x_wconf 87' lang='grc' dir='ltr'><strong><em>εἰς</em></strong></span> <span class='ocrx_word' id='word_1_24' title='bbox 703 624 886 708; x_wconf 74' lang='grc' dir='ltr'><strong><em>παροιμίαν</em></strong></span> <span class='ocrx_word' id='word_1_25' title='bbox 912 613 952 688; x_wconf 83' lang='grc' dir='ltr'><strong><em>τὸ</em></strong></span> <span class='ocrx_word' id='word_1_26' title='bbox 979 629 1114 708; x_wconf 88' lang='grc' dir='ltr'><strong><em>πρᾶγμα</em></strong></span> <span class='ocrx_word' id='word_1_27' title='bbox 1142 620 1276 703; x_wconf 78' lang='grc' dir='ltr'><strong><em>ἐξέπεσε</em></strong></span> 
     </span>
     <span class='ocr_line' id='line_1_5' title="bbox 106 720 1276 817; baseline -0.003 -21"><span class='ocrx_word' id='word_1_28' title='bbox 106 722 195 817; x_wconf 84' lang='grc' dir='ltr'><strong><em>πρὸς</em></strong></span> <span class='ocrx_word' id='word_1_29' title='bbox 216 721 258 795; x_wconf 84' lang='grc' dir='ltr'><strong><em>τὰ</em></strong></span> <span class='ocrx_word' id='word_1_30' title='bbox 280 721 424 814; x_wconf 82' lang='grc' dir='ltr'><strong><em>μαντικὰ</em></strong></span> <span class='ocrx_word' id='word_1_31' title='bbox 442 728 647 816; x_wconf 80' lang='grc' dir='ltr'><strong><em>ἐφορῶντας.</em></strong></span> <span class='ocrx_word' id='word_1_32' title='bbox 672 727 921 813; x_wconf 84' lang='grc' dir='ltr'><strong><em>έτυμολογείται</em></strong></span> <span class='ocrx_word' id='word_1_33' title='bbox 940 720 1086 814; x_wconf 78' lang='grc' dir='ltr'><strong><em>δὲπαρά</em></strong></span> <span class='ocrx_word' id='word_1_34' title='bbox 1105 720 1145 794; x_wconf 80' lang='grc' dir='ltr'><strong><em>τὸ</em></strong></span> <span class='ocrx_word' id='word_1_35' title='bbox 1165 722 1276 794; x_wconf 85' lang='grc' dir='ltr'><strong><em>ὄλλειν</em></strong></span> 
     </span>
     <span class='ocr_line' id='line_1_6' title="bbox 107 827 1316 922; baseline -0.002 -21"><span class='ocrx_word' id='word_1_36' title='bbox 107 839 166 902; x_wconf 85' lang='grc' dir='ltr'><strong><em>καὶ</em></strong></span> <span class='ocrx_word' id='word_1_37' title='bbox 187 843 304 922; x_wconf 84' lang='grc' dir='ltr'><strong><em>μειοῦν</em></strong></span> <span class='ocrx_word' id='word_1_38' title='bbox 326 829 368 902; x_wconf 85' lang='grc' dir='ltr'><strong><em>τά</em></strong></span> <span class='ocrx_word' id='word_1_39' title='bbox 392 835 429 902; x_wconf 82' lang='grc' dir='ltr'><strong><em>ἒν</em></strong></span> <span class='ocrx_word' id='word_1_40' title='bbox 453 827 546 922; x_wconf 78' lang='grc' dir='ltr'><strong><em>αὐτῷ</em></strong></span> <span class='ocrx_word' id='word_1_41' title='bbox 568 831 819 922; x_wconf 56' lang='grc' dir='ltr'><strong><em>πτισσόμενα9).</em></strong></span> <span class='ocrx_word' id='word_1_42' title='bbox 1303 859 1316 898; x_wconf 83' lang='lat'><strong>5</strong></span> 
     </span>
    </p>

    <p class='ocr_par' dir='ltr' id='par_1_3' title="bbox 106 923 1278 1353">
     <span class='ocr_line' id='line_1_7' title="bbox 200 923 1277 1028; baseline -0.004 -18"><span class='ocrx_word' id='word_1_43' title='bbox 200 944 271 1010; x_wconf 82' lang='lat'><strong>168.</strong></span> <span class='ocrx_word' id='word_1_44' title='bbox 303 923 477 1010; x_wconf 62' lang='lat' dir='ltr'><strong>enarath.</strong></span> <span class='ocrx_word' id='word_1_45' title='bbox 496 967 526 1028; x_wconf 90' lang='lat' dir='ltr'><strong><em>p.</em></strong></span> <span class='ocrx_word' id='word_1_46' title='bbox 546 945 621 1020; x_wconf 83' lang='lat'>881,</span> <span class='ocrx_word' id='word_1_47' title='bbox 638 944 690 1011; x_wconf 83' lang='lat'><strong><em>42.</em></strong></span> <span class='ocrx_word' id='word_1_48' title='bbox 723 938 894 1027; x_wconf 88' lang='grc' dir='ltr'><strong><em>κοολάριον</em></strong></span> <span class='ocrx_word' id='word_1_49' title='bbox 913 964 976 1008; x_wconf 91' lang='grc' dir='ltr'><strong><em>ουν</em></strong></span> <span class='ocrx_word' id='word_1_50' title='bbox 997 965 1031 1007; x_wconf 94' lang='grc' dir='ltr'><strong><em>τι</em></strong></span> <span class='ocrx_word' id='word_1_51' title='bbox 1052 941 1277 1028; x_wconf 82' lang='grc' dir='ltr'><strong><em>παροιμιῶδες</em></strong></span> 
     </span>
     <span class='ocr_line' id='line_1_8' title="bbox 108 1041 1275 1138; baseline -0.002 -22"><span class='ocrx_word' id='word_1_52' title='bbox 108 1049 247 1127; x_wconf 77' lang='grc' dir='ltr'><strong><em>Αἴλιος</em></strong></span> <span class='ocrx_word' id='word_1_53' title='bbox 265 1045 475 1128; x_wconf 85' lang='grc' dir='ltr'><strong><em>Διονύσιός</em></strong></span> <span class='ocrx_word' id='word_1_54' title='bbox 497 1067 599 1138; x_wconf 93' lang='grc' dir='ltr'><strong><em>φησιν</em></strong></span> <span class='ocrx_word' id='word_1_55' title='bbox 622 1041 689 1115; x_wconf 79' lang='grc' dir='ltr'><strong><em>ὑπὸ</em></strong></span> <span class='ocrx_word' id='word_1_56' title='bbox 713 1051 847 1136; x_wconf 78' lang='grc' dir='ltr'><strong><em>παίδων</em></strong></span> <span class='ocrx_word' id='word_1_57' title='bbox 870 1049 1036 1134; x_wconf 76' lang='grc' dir='ltr'><strong><em>λέγεσθαι,</em></strong></span> <span class='ocrx_word' id='word_1_58' title='bbox 1060 1049 1185 1136; x_wconf 81' lang='grc' dir='ltr'><strong><em>δηλοῦν</em></strong></span> <span class='ocrx_word' id='word_1_59' title='bbox 1208 1047 1275 1131; x_wconf 81' lang='grc' dir='ltr'><strong><em>ἐξέ-</em></strong></span> 
     </span>
     <span class='ocr_line' id='line_1_9' title="bbox 106 1148 1278 1244; baseline 0 -22"><span class='ocrx_word' id='word_1_60' title='bbox 106 1180 194 1242; x_wconf 83' lang='grc' dir='ltr'><strong><em>χειν,</em></strong></span> <span class='ocrx_word' id='word_1_61' title='bbox 218 1148 238 1223; x_wconf 80' lang='grc'><strong>6</strong></span> <span class='ocrx_word' id='word_1_62' title='bbox 265 1156 356 1225; x_wconf 84' lang='grc' dir='ltr'><strong><em>ἔστιν</em></strong></span> <span class='ocrx_word' id='word_1_63' title='bbox 380 1156 633 1224; x_wconf 83' lang='grc' dir='ltr'><strong><em>ἔπιτεταλκέναι</em></strong></span> <span class='ocrx_word' id='word_1_64' title='bbox 656 1149 717 1223; x_wconf 85' lang='grc' dir='ltr'><strong><em>τὸν</em></strong></span> <span class='ocrx_word' id='word_1_65' title='bbox 740 1148 845 1244; x_wconf 79' lang='grc' dir='ltr'><strong><em>ἥλιον.</em></strong></span> <span class='ocrx_word' id='word_1_66' title='bbox 882 1149 1112 1244; x_wconf 66' lang='grc' dir='ltr'><strong><em>Ἀριστοφάνης</em></strong></span> <span class='ocrx_word' id='word_1_67' title='bbox 1136 1152 1278 1243; x_wconf 88' lang='grc' dir='ltr'><strong><em>[Νήσοις</em></strong></span> 
     </span>
     <span class='ocr_line' id='line_1_10' title="bbox 108 1262 361 1353; baseline 0 -23"><span class='ocrx_word' id='word_1_68' title='bbox 108 1263 148 1330; x_wconf 85' lang='lat' dir='ltr'><strong><em>fr.</em></strong></span> <span class='ocrx_word' id='word_1_69' title='bbox 167 1264 241 1330; x_wconf 88' lang='lat'><strong>389.</strong></span> <span class='ocrx_word' id='word_1_70' title='bbox 259 1262 361 1353; x_wconf 87' lang='lat' dir='ltr'><strong>Koek]</strong></span> 
     </span>
    </p>

    <p class='ocr_par' dir='ltr' id='par_1_4' title="bbox 108 1362 1318 1671">
     <span class='ocr_line' id='line_1_11' title="bbox 856 1362 1318 1455; baseline -0.009 -20"><span class='ocrx_word' id='word_1_71' title='bbox 856 1370 960 1452; x_wconf 90' lang='grc' dir='ltr'><strong><em>λέξεις</em></strong></span> <span class='ocrx_word' id='word_1_72' title='bbox 982 1362 1047 1455; x_wconf 87' lang='grc' dir='ltr'><strong><em>άρα</em></strong></span> <span class='ocrx_word' id='word_1_73' title='bbox 1292 1393 1318 1432; x_wconf 82' lang='grc' dir='ltr'><strong><em>ιο</em></strong></span> 
     </span>
     <span class='ocr_line' id='line_1_12' title="bbox 349 1466 1094 1564; baseline -0.005 -20"><span class='ocrx_word' id='word_1_74' title='bbox 349 1468 462 1564; x_wconf 76' lang='grc' dir='ltr'><strong><em>ὥσπερ</em></strong></span> <span class='ocrx_word' id='word_1_75' title='bbox 484 1469 527 1543; x_wconf 82' lang='grc' dir='ltr'><strong><em>τὰ</em></strong></span> <span class='ocrx_word' id='word_1_76' title='bbox 549 1469 659 1543; x_wconf 80' lang='grc' dir='ltr'><strong><em>παιδί’</em></strong></span> <span class='ocrx_word' id='word_1_77' title='bbox 684 1469 784 1562; x_wconf 78' lang='grc' dir='ltr'><strong><em>ἔξοχ’</em></strong></span> <span class='ocrx_word' id='word_1_78' title='bbox 807 1466 836 1542; x_wconf 78' lang='grc' dir='ltr'><em>ὦ</em></span> <span class='ocrx_word' id='word_1_79' title='bbox 860 1469 942 1560; x_wconf 75' lang='grc' dir='ltr'><strong><em>φίλ’</em></strong></span> <span class='ocrx_word' id='word_1_80' title='bbox 964 1467 1094 1563; x_wconf 58' lang='lat' dir='ltr'><strong>illm).</strong></span> 
     </span>
     <span class='ocr_line' id='line_1_13' title="bbox 108 1576 425 1671; baseline 0 -21"><span class='ocrx_word' id='word_1_81' title='bbox 108 1577 214 1671; x_wconf 80' lang='grc' dir='ltr'><strong><em>ἤγουν</em></strong></span> <span class='ocrx_word' id='word_1_82' title='bbox 237 1576 425 1651; x_wconf 86' lang='grc' dir='ltr'><strong><em>α’νάτειλον.</em></strong></span> 
     </span>
    </p>

    <p class='ocr_par' dir='ltr' id='par_1_5' title="bbox 109 1680 1318 2098">
     <span class='ocr_line' id='line_1_14' title="bbox 200 1680 1278 1778; baseline -0.001 -23"><span class='ocrx_word' id='word_1_83' title='bbox 200 1691 272 1759; x_wconf 92' lang='grc'><strong>169.</strong></span> <span class='ocrx_word' id='word_1_84' title='bbox 300 1691 473 1758; x_wconf 76' lang='lat' dir='ltr'><strong>Euslath.</strong></span> <span class='ocrx_word' id='word_1_85' title='bbox 493 1713 522 1775; x_wconf 91' lang='lat' dir='ltr'><strong><em>p.</em></strong></span> <span class='ocrx_word' id='word_1_86' title='bbox 538 1692 612 1768; x_wconf 82' lang='lat'>219,</span> <span class='ocrx_word' id='word_1_87' title='bbox 631 1691 683 1758; x_wconf 93' lang='grc'><strong>26.</strong></span> <span class='ocrx_word' id='word_1_88' title='bbox 711 1690 879 1778; x_wconf 82' lang='grc' dir='ltr'><strong><em>Ζητητέον</em></strong></span> <span class='ocrx_word' id='word_1_89' title='bbox 898 1689 944 1770; x_wconf 72' lang='lat' dir='ltr'><strong><em>el,</em></strong></span> <span class='ocrx_word' id='word_1_90' title='bbox 963 1689 1057 1774; x_wconf 87' lang='grc' dir='ltr'><strong><em>είπερ</em></strong></span> <span class='ocrx_word' id='word_1_91' title='bbox 1075 1680 1096 1776; x_wconf 80' lang='grc' dir='ltr'><strong><em>η</em></strong></span> <span class='ocrx_word' id='word_1_92' title='bbox 1116 1684 1278 1775; x_wconf 64' lang='grc' dir='ltr'><strong><em>ἔόργηῙ),</em></strong></span> 
     </span>
     <span class='ocr_line' id='line_1_15' title="bbox 109 1789 1278 1885; baseline -0.002 -23"><span class='ocrx_word' id='word_1_93' title='bbox 109 1797 284 1865; x_wconf 84' lang='grc' dir='ltr'><strong><em>τουτέστιν</em></strong></span> <span class='ocrx_word' id='word_1_94' title='bbox 311 1790 332 1885; x_wconf 79' lang='grc' dir='ltr'><em>ἦ</em></span> <span class='ocrx_word' id='word_1_95' title='bbox 359 1793 499 1885; x_wconf 80' lang='grc' dir='ltr'><strong><em>τορύνη,</em></strong></span> <span class='ocrx_word' id='word_1_96' title='bbox 531 1799 588 1862; x_wconf 87' lang='grc' dir='ltr'><strong><em>καὶ</em></strong></span> <span class='ocrx_word' id='word_1_97' title='bbox 614 1789 654 1863; x_wconf 85' lang='grc' dir='ltr'><strong><em>τὸ</em></strong></span> <span class='ocrx_word' id='word_1_98' title='bbox 683 1796 918 1882; x_wconf 77' lang='grc' dir='ltr'><strong><em>ἔοργίζεται,</em></strong></span> <span class='ocrx_word' id='word_1_99' title='bbox 949 1789 1053 1884; x_wconf 79' lang='grc' dir='ltr'><strong><em>ἤγουν</em></strong></span> <span class='ocrx_word' id='word_1_100' title='bbox 1085 1802 1278 1882; x_wconf 86' lang='grc' dir='ltr'><strong><em>τορυνᾶται,</em></strong></span> 
     </span>
     <span class='ocr_line' id='line_1_16' title="bbox 109 1896 1318 1992; baseline -0.003 -22"><span class='ocrx_word' id='word_1_101' title='bbox 109 1897 152 1970; x_wconf 83' lang='grc' dir='ltr'><strong><em>τὰ</em></strong></span> <span class='ocrx_word' id='word_1_102' title='bbox 178 1896 269 1992; x_wconf 84' lang='grc' dir='ltr'><strong><em>παρὰ</em></strong></span> <span class='ocrx_word' id='word_1_103' title='bbox 296 1904 439 1972; x_wconf 89' lang='grc' dir='ltr'><strong><em>Αίλιον</em></strong></span> <span class='ocrx_word' id='word_1_104' title='bbox 466 1896 680 1970; x_wconf 83' lang='grc' dir='ltr'><strong><em>Διονύσιον</em></strong></span> <span class='ocrx_word' id='word_1_105' title='bbox 712 1906 769 1969; x_wconf 87' lang='grc' dir='ltr'><strong><em>καὶ</em></strong></span> <span class='ocrx_word' id='word_1_106' title='bbox 796 1905 1028 1970; x_wconf 89' lang='grc' dir='ltr'><strong><em>Παυσανίαν</em></strong></span> <span class='ocrx_word' id='word_1_107' title='bbox 1055 1901 1093 1968; x_wconf 90' lang='grc' dir='ltr'><strong><em>ἔκ</em></strong></span> <span class='ocrx_word' id='word_1_108' title='bbox 1120 1897 1278 1969; x_wconf 81' lang='grc' dir='ltr'><strong><em>τοιούτου</em></strong></span> <span class='ocrx_word' id='word_1_109' title='bbox 1293 1925 1318 1966; x_wconf 82' lang='lat' dir='ltr'><strong>re</strong></span> 
     </span>
     <span class='ocr_line' id='line_1_17' title="bbox 111 2007 591 2098; baseline 0 -21"><span class='ocrx_word' id='word_1_110' title='bbox 111 2007 210 2098; x_wconf 89' lang='grc' dir='ltr'><strong><em>ἔοργα</em></strong></span> <span class='ocrx_word' id='word_1_111' title='bbox 232 2014 367 2098; x_wconf 84' lang='grc' dir='ltr'><strong><em>γίνεται.</em></strong></span> <span class='ocrx_word' id='word_1_112' title='bbox 590 2061 591 2064; x_wconf 21' lang='lat'>¹</span> 
     </span>
    </p>

    <p class='ocr_par' dir='ltr' id='par_1_6' title="bbox 110 2107 1320 2634">
     <span class='ocr_line' id='line_1_18' title="bbox 202 2107 1279 2203; baseline -0.003 -18"><span class='ocrx_word' id='word_1_113' title='bbox 202 2119 273 2185; x_wconf 79' lang='lat'><strong>170.</strong></span> <span class='ocrx_word' id='word_1_114' title='bbox 305 2118 477 2184; x_wconf 73' lang='lat' dir='ltr'><strong>Eustath.</strong></span> <span class='ocrx_word' id='word_1_115' title='bbox 500 2141 529 2203; x_wconf 92' lang='lat' dir='ltr'><strong><em>p.</em></strong></span> <span class='ocrx_word' id='word_1_116' title='bbox 555 2119 655 2196; x_wconf 80' lang='lat'>1539,</span> <span class='ocrx_word' id='word_1_117' title='bbox 678 2119 730 2183; x_wconf 86' lang='grc'><strong>22.</strong></span> <span class='ocrx_word' id='word_1_118' title='bbox 763 2107 816 2184; x_wconf 78' lang='grc' dir='ltr'><strong><em>ἔτι</em></strong></span> <span class='ocrx_word' id='word_1_119' title='bbox 845 2117 881 2184; x_wconf 81' lang='grc' dir='ltr'><strong><em>δὲ</em></strong></span> <span class='ocrx_word' id='word_1_120' title='bbox 909 2119 965 2183; x_wconf 86' lang='grc' dir='ltr'><strong><em>καὶ</em></strong></span> <span class='ocrx_word' id='word_1_121' title='bbox 991 2120 1114 2184; x_wconf 92' lang='grc' dir='ltr'><strong><em>πλοίου</em></strong></span> <span class='ocrx_word' id='word_1_122' title='bbox 1138 2112 1226 2195; x_wconf 80' lang='grc' dir='ltr'><strong><em>εἶδός</em></strong></span> <span class='ocrx_word' id='word_1_123' title='bbox 1247 2141 1279 2182; x_wconf 90' lang='grc' dir='ltr'><strong><em>τι</em></strong></span> 
     </span>
     <span class='ocr_line' id='line_1_19' title="bbox 111 2216 1280 2312; baseline -0.001 -22"><span class='ocrx_word' id='word_1_124' title='bbox 111 2218 131 2291; x_wconf 86' lang='grc' dir='ltr'><strong>ὁ</strong></span> <span class='ocrx_word' id='word_1_125' title='bbox 150 2224 261 2312; x_wconf 85' lang='grc' dir='ltr'><strong><em>κέλης,</em></strong></span> <span class='ocrx_word' id='word_1_126' title='bbox 284 2226 381 2312; x_wconf 75' lang='grc' dir='ltr'><strong><em>δηλοῖ</em></strong></span> <span class='ocrx_word' id='word_1_127' title='bbox 401 2219 420 2290; x_wconf 85' lang='grc' dir='ltr'><em>ὃ</em></span> <span class='ocrx_word' id='word_1_128' title='bbox 445 2216 568 2290; x_wconf 82' lang='grc' dir='ltr'><strong><em>είπών</em></strong></span> <span class='ocrx_word' id='word_1_129' title='bbox 591 2225 692 2291; x_wconf 84' lang='grc' dir='ltr'><strong><em>πέντε</em></strong></span> <span class='ocrx_word' id='word_1_130' title='bbox 715 2225 855 2312; x_wconf 78' lang='grc' dir='ltr'><strong><em>κέλητας</em></strong></span> <span class='ocrx_word' id='word_1_131' title='bbox 877 2221 1161 2310; x_wconf 81' lang='grc' dir='ltr'><strong><em>πεντασκάλμους.</em></strong></span> <span class='ocrx_word' id='word_1_132' title='bbox 1193 2220 1280 2290; x_wconf 76' lang='grc' dir='ltr'><strong><em>ἔνθα</em></strong></span> 
     </span>
     <span class='ocr_line' id='line_1_20' title="bbox 111 2322 1279 2420; baseline -0.004 -20"><span class='ocrx_word' id='word_1_133' title='bbox 111 2323 176 2419; x_wconf 77' lang='grc' dir='ltr'><strong><em>ὅρα</em></strong></span> <span class='ocrx_word' id='word_1_134' title='bbox 203 2333 258 2398; x_wconf 77' lang='grc' dir='ltr'><strong><em>καί</em></strong></span> <span class='ocrx_word' id='word_1_135' title='bbox 287 2322 340 2398; x_wconf 79' lang='grc' dir='ltr'><strong><em>ὅτι</em></strong></span> <span class='ocrx_word' id='word_1_136' title='bbox 367 2323 512 2416; x_wconf 84' lang='grc' dir='ltr'><strong><em>σκαλμός</em></strong></span> <span class='ocrx_word' id='word_1_137' title='bbox 540 2324 594 2398; x_wconf 78' lang='grc' dir='ltr'><strong><em>διὰ</em></strong></span> <span class='ocrx_word' id='word_1_138' title='bbox 616 2338 679 2397; x_wconf 87' lang='grc' dir='ltr'><strong><em>τοῦ</em></strong></span> <span class='ocrx_word' id='word_1_139' title='bbox 702 2337 730 2398; x_wconf 91' lang='grc' dir='ltr'><strong><em>λ.</em></strong></span> <span class='ocrx_word' id='word_1_140' title='bbox 755 2329 804 2397; x_wconf 91' lang='grc' dir='ltr'><strong><em>ἔτι</em></strong></span> <span class='ocrx_word' id='word_1_141' title='bbox 832 2333 869 2398; x_wconf 76' lang='grc' dir='ltr'><strong><em>δὲ</em></strong></span> <span class='ocrx_word' id='word_1_142' title='bbox 893 2333 990 2420; x_wconf 79' lang='grc' dir='ltr'><strong><em>δηλοῖ</em></strong></span> <span class='ocrx_word' id='word_1_143' title='bbox 1009 2324 1049 2398; x_wconf 83' lang='grc' dir='ltr'><strong><em>τὸ</em></strong></span> <span class='ocrx_word' id='word_1_144' title='bbox 1073 2323 1156 2396; x_wconf 75' lang='grc' dir='ltr'><strong><em>αὐτὸ</em></strong></span> <span class='ocrx_word' id='word_1_145' title='bbox 1180 2332 1237 2395; x_wconf 88' lang='grc' dir='ltr'><strong><em>καὶ</em></strong></span> <span class='ocrx_word' id='word_1_146' title='bbox 1260 2322 1279 2395; x_wconf 84' lang='grc'><strong>6</strong></span> 
     </span>
     <span class='ocr_line' id='line_1_21' title="bbox 110 2429 1320 2527; baseline -0.005 -21"><span class='ocrx_word' id='word_1_147' title='bbox 110 2435 264 2527; x_wconf 83' lang='grc' dir='ltr'><strong><em>γράψας</em></strong></span> <span class='ocrx_word' id='word_1_148' title='bbox 281 2430 425 2527; x_wconf 59' lang='lat' dir='ltr'><strong>elsap-</strong></span> <span class='ocrx_word' id='word_1_149' title='bbox 452 2438 686 2525; x_wconf 82' lang='grc' dir='ltr'><strong><em>ἔπακτρίδες</em></strong></span> <span class='ocrx_word' id='word_1_150' title='bbox 704 2437 739 2504; x_wconf 87' lang='grc' dir='ltr'><strong><em>αί</em></strong></span> <span class='ocrx_word' id='word_1_151' title='bbox 757 2431 897 2517; x_wconf 79' lang='grc' dir='ltr'><strong><em>ἁλιάδες.</em></strong></span> <span class='ocrx_word' id='word_1_152' title='bbox 931 2437 1139 2524; x_wconf 80' lang='grc' dir='ltr'><strong><em>ἔπακτρεῖς</em></strong></span> <span class='ocrx_word' id='word_1_153' title='bbox 1161 2429 1223 2523; x_wconf 83' lang='grc' dir='ltr'><strong><em>γὰρ</em></strong></span> <span class='ocrx_word' id='word_1_154' title='bbox 1248 2435 1281 2503; x_wconf 75' lang='lat' dir='ltr'><strong><em>ol</em></strong></span> <span class='ocrx_word' id='word_1_155' title='bbox 1294 2458 1320 2498; x_wconf 83' lang='lat' dir='ltr'><strong>so</strong></span> 
     </span>
     <span class='ocr_line' id='line_1_22' title="bbox 112 2537 1281 2634; baseline -0.003 -21"><span class='ocrx_word' id='word_1_156' title='bbox 112 2549 262 2634; x_wconf 84' lang='grc' dir='ltr'><strong><em>κυνηγοί.</em></strong></span> <span class='ocrx_word' id='word_1_157' title='bbox 296 2545 590 2633; x_wconf 84' lang='grc' dir='ltr'><strong><em>ἔπακτροκέλης</em></strong></span> <span class='ocrx_word' id='word_1_158' title='bbox 618 2546 655 2612; x_wconf 78' lang='grc' dir='ltr'><strong><em>δὲ</em></strong></span> <span class='ocrx_word' id='word_1_159' title='bbox 681 2551 804 2612; x_wconf 84' lang='grc' dir='ltr'><strong><em>πλοῖον</em></strong></span> <span class='ocrx_word' id='word_1_160' title='bbox 832 2537 1011 2632; x_wconf 79' lang='grc' dir='ltr'><strong><em>λῃστρικὸν</em></strong></span> <span class='ocrx_word' id='word_1_161' title='bbox 1033 2537 1156 2630; x_wconf 77' lang='grc' dir='ltr'><strong><em>μεταξὺ</em></strong></span> <span class='ocrx_word' id='word_1_162' title='bbox 1179 2543 1281 2610; x_wconf 86' lang='grc' dir='ltr'><strong><em>ἔπακ-</em></strong></span> 
     </span>
    </p>
   </div>
   <div class='ocr_carea' id='block_1_3' title="bbox 110 2643 1281 2847">
    <p class='ocr_par' dir='ltr' id='par_1_7' title="bbox 110 2643 1281 2847">
     <span class='ocr_line' id='line_1_23' title="bbox 110 2643 1281 2741; baseline -0.003 -22"><span class='ocrx_word' id='word_1_163' title='bbox 110 2655 234 2740; x_wconf 86' lang='grc' dir='ltr'><strong><em>τρίδος,</em></strong></span> <span class='ocrx_word' id='word_1_164' title='bbox 257 2655 314 2719; x_wconf 86' lang='grc' dir='ltr'><strong><em>καί</em></strong></span> <span class='ocrx_word' id='word_1_165' title='bbox 336 2653 483 2741; x_wconf 81' lang='grc' dir='ltr'><strong><em>κέλητος,</em></strong></span> <span class='ocrx_word' id='word_1_166' title='bbox 506 2643 527 2718; x_wconf 80' lang='grc' dir='ltr'><strong><em>ά</em></strong></span> <span class='ocrx_word' id='word_1_167' title='bbox 545 2655 602 2718; x_wconf 87' lang='grc' dir='ltr'><strong><em>καί</em></strong></span> <span class='ocrx_word' id='word_1_168' title='bbox 622 2645 707 2718; x_wconf 77' lang='grc' dir='ltr'><strong><em>αὐτὰ</em></strong></span> <span class='ocrx_word' id='word_1_169' title='bbox 725 2649 884 2738; x_wconf 85' lang='grc' dir='ltr'><strong><em>πλοιάριά</em></strong></span> <span class='ocrx_word' id='word_1_170' title='bbox 904 2652 995 2719; x_wconf 79' lang='grc' dir='ltr'><strong><em>ἔστιν</em></strong></span> <span class='ocrx_word' id='word_1_171' title='bbox 1003 2654 1040 2739; x_wconf 83' lang='lat'><strong><em>¹).</em></strong></span> <span class='ocrx_word' id='word_1_172' title='bbox 1075 2653 1116 2718; x_wconf 89' lang='lat' dir='ltr'><strong><em>ib.</em></strong></span> <span class='ocrx_word' id='word_1_173' title='bbox 1135 2676 1164 2737; x_wconf 89' lang='lat' dir='ltr'><strong><em>p.</em></strong></span> <span class='ocrx_word' id='word_1_174' title='bbox 1186 2653 1281 2729; x_wconf 84' lang='lat'>1871,</span> 
     </span>
     <span class='ocr_line' id='line_1_24' title="bbox 111 2752 1280 2847; baseline -0.004 -19"><span class='ocrx_word' id='word_1_175' title='bbox 111 2763 156 2828; x_wconf 92' lang='grc'><strong><em>62</em></strong></span> <span class='ocrx_word' id='word_1_176' title='bbox 180 2760 292 2827; x_wconf 91' lang='grc' dir='ltr'><strong><em>ίστέον</em></strong></span> <span class='ocrx_word' id='word_1_177' title='bbox 316 2760 352 2828; x_wconf 78' lang='grc' dir='ltr'><strong><em>δὲ</em></strong></span> <span class='ocrx_word' id='word_1_178' title='bbox 375 2752 427 2827; x_wconf 80' lang='grc' dir='ltr'><strong><em>ὅτι</em></strong></span> <span class='ocrx_word' id='word_1_179' title='bbox 445 2762 502 2826; x_wconf 91' lang='grc' dir='ltr'><strong><em>καὶ</em></strong></span> <span class='ocrx_word' id='word_1_180' title='bbox 526 2759 737 2846; x_wconf 84' lang='grc' dir='ltr'><strong><em>ἔπακτρεῖς</em></strong></span> <span class='ocrx_word' id='word_1_181' title='bbox 760 2759 915 2845; x_wconf 79' lang='grc' dir='ltr'><strong><em>ἐλέγοντο</em></strong></span> <span class='ocrx_word' id='word_1_182' title='bbox 935 2758 968 2826; x_wconf 81' lang='grc' dir='ltr'><strong><em>οἳ</em></strong></span> <span class='ocrx_word' id='word_1_183' title='bbox 986 2761 1135 2847; x_wconf 83' lang='grc' dir='ltr'><strong><em>κυνηγοὶ,</em></strong></span> <span class='ocrx_word' id='word_1_184' title='bbox 1158 2752 1205 2837; x_wconf 78' lang='grc' dir='ltr'><strong><em>ὡς</em></strong></span> <span class='ocrx_word' id='word_1_185' title='bbox 1224 2758 1280 2844; x_wconf 84' lang='grc' dir='ltr'><strong><em>δη-</em></strong></span> 
     </span>
    </p>
   </div>
   <div class='ocr_carea' id='block_1_4' title="bbox 112 3043 1285 4452">
    <p class='ocr_par' dir='ltr' id='par_1_8' title="bbox 112 3043 1281 3207">
     <span class='ocr_line' id='line_1_25' title="bbox 204 3043 1281 3116; baseline -0.003 -16"><span class='ocrx_word' id='word_1_186' title='bbox 204 3048 225 3115; x_wconf 81' lang='lat'><strong><em>¹)</em></strong></span> <span class='ocrx_word' id='word_1_187' title='bbox 242 3045 397 3102; x_wconf 74' lang='lat' dir='ltr'><strong>Pausaniae</strong></span> <span class='ocrx_word' id='word_1_188' title='bbox 416 3045 542 3101; x_wconf 84' lang='lat' dir='ltr'><strong>doctriua</strong></span> <span class='ocrx_word' id='word_1_189' title='bbox 559 3062 693 3114; x_wconf 81' lang='lat' dir='ltr'><strong>nusquam</strong></span> <span class='ocrx_word' id='word_1_190' title='bbox 711 3045 838 3101; x_wconf 82' lang='lat' dir='ltr'>recurrit.</span> <span class='ocrx_word' id='word_1_191' title='bbox 866 3046 1041 3116; x_wconf 78' lang='lat' dir='ltr'><strong>Etymologia</strong></span> <span class='ocrx_word' id='word_1_192' title='bbox 1058 3046 1146 3101; x_wconf 78' lang='lat' dir='ltr'><strong>alluta</strong></span> <span class='ocrx_word' id='word_1_193' title='bbox 1164 3043 1281 3099; x_wconf 80' lang='lat' dir='ltr'><strong>iteratur</strong></span> 
     </span>
     <span class='ocr_line' id='line_1_26' title="bbox 112 3135 662 3207; baseline -0.005 -14"><span class='ocrx_word' id='word_1_194' title='bbox 112 3153 158 3207; x_wconf 85' lang='lat' dir='ltr'><strong><em>ap.</em></strong></span> <span class='ocrx_word' id='word_1_195' title='bbox 178 3136 256 3191; x_wconf 82' lang='lat' dir='ltr'><strong>Euat.</strong></span> <span class='ocrx_word' id='word_1_196' title='bbox 274 3135 293 3191; x_wconf 80' lang='lat' dir='ltr'><strong>l</strong></span> <span class='ocrx_word' id='word_1_197' title='bbox 311 3136 330 3190; x_wconf 85' lang='lat' dir='ltr'><strong><em>l.</em></strong></span> <span class='ocrx_word' id='word_1_198' title='bbox 349 3139 379 3190; x_wconf 88' lang='lat' dir='ltr'><strong>et</strong></span> <span class='ocrx_word' id='word_1_199' title='bbox 396 3137 456 3201; x_wconf 82' lang='lat'><strong>835,</strong></span> <span class='ocrx_word' id='word_1_200' title='bbox 475 3137 518 3191; x_wconf 78' lang='lat'><strong><em>47.</em></strong></span> <span class='ocrx_word' id='word_1_201' title='bbox 538 3137 599 3204; x_wconf 88' lang='grc'><strong>402,</strong></span> <span class='ocrx_word' id='word_1_202' title='bbox 619 3137 662 3190; x_wconf 89' lang='grc'><strong><em>21.</em></strong></span> 
     </span>
    </p>

    <p class='ocr_par' dir='ltr' id='par_1_9' title="bbox 112 3218 1281 3468">
     <span class='ocr_line' id='line_1_27' title="bbox 159 3218 1281 3293; baseline -0.004 -12"><span class='ocrx_word' id='word_1_203' title='bbox 159 3225 219 3282; x_wconf 89' lang='grc'><strong>168.</strong></span> <span class='ocrx_word' id='word_1_204' title='bbox 239 3227 260 3292; x_wconf 89' lang='lat'><strong><em>¹)</em></strong></span> <span class='ocrx_word' id='word_1_205' title='bbox 274 3224 408 3280; x_wconf 81' lang='lat' dir='ltr'><strong>Convenit</strong></span> <span class='ocrx_word' id='word_1_206' title='bbox 421 3224 505 3292; x_wconf 74' lang='lat' dir='ltr'><strong>euin,</strong></span> <span class='ocrx_word' id='word_1_207' title='bbox 520 3225 593 3280; x_wconf 87' lang='lat' dir='ltr'><strong>unde</strong></span> <span class='ocrx_word' id='word_1_208' title='bbox 609 3218 718 3293; x_wconf 87' lang='grc' dir='ltr'><strong><em>Νήσοις</em></strong></span> <span class='ocrx_word' id='word_1_209' title='bbox 736 3223 839 3278; x_wconf 87' lang='lat' dir='ltr'><strong>addidi.</strong></span> <span class='ocrx_word' id='word_1_210' title='bbox 859 3223 1058 3278; x_wconf 80' lang='lat' dir='ltr'><strong>Testimonium</strong></span> <span class='ocrx_word' id='word_1_211' title='bbox 1077 3240 1093 3278; x_wconf 90' lang='lat' dir='ltr'><strong>e</strong></span> <span class='ocrx_word' id='word_1_212' title='bbox 1107 3222 1206 3293; x_wconf 87' lang='lat' dir='ltr'><strong>Vespie</strong></span> <span class='ocrx_word' id='word_1_213' title='bbox 1221 3224 1281 3278; x_wconf 75' lang='lat'><strong><em>771.</em></strong></span> 
     </span>
     <span class='ocr_line' id='line_1_28' title="bbox 112 3312 1281 3383; baseline -0.004 -12"><span class='ocrx_word' id='word_1_214' title='bbox 112 3315 209 3371; x_wconf 79' lang='lat' dir='ltr'><strong>adicit.</strong></span> <span class='ocrx_word' id='word_1_215' title='bbox 238 3313 768 3369; x_wconf 63' lang='lat' dir='ltr'><strong>cl.fl0s.1201s1x.mentesanus</strong></span> <span class='ocrx_word' id='word_1_216' title='bbox 787 3318 874 3367; x_wconf 80' lang='lat' dir='ltr'><strong>tetum</strong></span> <span class='ocrx_word' id='word_1_217' title='bbox 893 3313 982 3367; x_wconf 81' lang='lat' dir='ltr'><strong>losum</strong></span> <span class='ocrx_word' id='word_1_218' title='bbox 1001 3328 1036 3367; x_wconf 87' lang='lat' dir='ltr'><strong>ex</strong></span> <span class='ocrx_word' id='word_1_219' title='bbox 1059 3315 1107 3368; x_wconf 82' lang='lat' dir='ltr'><strong><em>Ar.</em></strong></span> <span class='ocrx_word' id='word_1_220' title='bbox 1126 3313 1190 3383; x_wconf 84' lang='lat' dir='ltr'><strong>Bya.</strong></span> <span class='ocrx_word' id='word_1_221' title='bbox 1210 3312 1281 3382; x_wconf 86' lang='lat' dir='ltr'><strong>peti·</strong></span> 
     </span>
     <span class='ocr_line' id='line_1_29' title="bbox 112 3401 783 3468; baseline -0.003 -10"><span class='ocrx_word' id='word_1_222' title='bbox 112 3410 173 3458; x_wconf 85' lang='lat' dir='ltr'><strong><em>tum</em></strong></span> <span class='ocrx_word' id='word_1_223' title='bbox 191 3402 253 3458; x_wconf 80' lang='lat' dir='ltr'><strong>es&#39;se</strong></span> <span class='ocrx_word' id='word_1_224' title='bbox 271 3406 375 3468; x_wconf 81' lang='lat' dir='ltr'><strong>censet,</strong></span> <span class='ocrx_word' id='word_1_225' title='bbox 395 3401 430 3456; x_wconf 84' lang='lat' dir='ltr'><strong>el.</strong></span> <span class='ocrx_word' id='word_1_226' title='bbox 449 3403 528 3458; x_wconf 92' lang='lat' dir='ltr'><strong>Dem.</strong></span> <span class='ocrx_word' id='word_1_227' title='bbox 547 3405 584 3457; x_wconf 88' lang='lat' dir='ltr'><strong><em>ad</em></strong></span> <span class='ocrx_word' id='word_1_228' title='bbox 602 3405 720 3458; x_wconf 84' lang='lat' dir='ltr'><strong>Macurt.</strong></span> <span class='ocrx_word' id='word_1_229' title='bbox 741 3403 783 3457; x_wconf 84' lang='grc'><strong><em>62,</em></strong></span> 
     </span>
    </p>

    <p class='ocr_par' dir='ltr' id='par_1_10' title="bbox 113 3486 1282 3814">
     <span class='ocr_line' id='line_1_30' title="bbox 159 3486 1281 3563; baseline -0.003 -17"><span class='ocrx_word' id='word_1_230' title='bbox 159 3493 220 3548; x_wconf 88' lang='grc'><strong>169.</strong></span> <span class='ocrx_word' id='word_1_231' title='bbox 242 3494 261 3558; x_wconf 84' lang='lat'><strong><em>¹)</em></strong></span> <span class='ocrx_word' id='word_1_232' title='bbox 284 3492 365 3546; x_wconf 77' lang='lat' dir='ltr'><strong>(lons.</strong></span> <span class='ocrx_word' id='word_1_233' title='bbox 389 3493 454 3546; x_wconf 89' lang='lat' dir='ltr'><strong>Hes.</strong></span> <span class='ocrx_word' id='word_1_234' title='bbox 479 3509 500 3546; x_wconf 88' lang='lat' dir='ltr'><strong>s.</strong></span> <span class='ocrx_word' id='word_1_235' title='bbox 525 3509 548 3546; x_wconf 86' lang='lat' dir='ltr'><strong><em>v.</em></strong></span> <span class='ocrx_word' id='word_1_236' title='bbox 575 3488 741 3563; x_wconf 79' lang='grc' dir='ltr'><strong><em>ἐοργίζεται,</em></strong></span> <span class='ocrx_word' id='word_1_237' title='bbox 775 3491 883 3546; x_wconf 80' lang='lat' dir='ltr'><strong>Similia</strong></span> <span class='ocrx_word' id='word_1_238' title='bbox 906 3507 950 3560; x_wconf 84' lang='lat' dir='ltr'><strong><em>ap.</em></strong></span> <span class='ocrx_word' id='word_1_239' title='bbox 974 3492 1040 3546; x_wconf 89' lang='lat' dir='ltr'><strong>Hes.</strong></span> <span class='ocrx_word' id='word_1_240' title='bbox 1065 3506 1086 3544; x_wconf 87' lang='lat' dir='ltr'><strong>s.</strong></span> <span class='ocrx_word' id='word_1_241' title='bbox 1109 3507 1134 3544; x_wconf 87' lang='lat' dir='ltr'><strong><em>v.</em></strong></span> <span class='ocrx_word' id='word_1_242' title='bbox 1159 3486 1281 3559; x_wconf 84' lang='grc' dir='ltr'><strong><em>εὐεργία,</em></strong></span> 
     </span>
     <span class='ocr_line' id='line_1_31' title="bbox 113 3574 1282 3651; baseline -0.003 -17"><span class='ocrx_word' id='word_1_243' title='bbox 113 3581 187 3635; x_wconf 83' lang='lat' dir='ltr'><strong>unde</strong></span> <span class='ocrx_word' id='word_1_244' title='bbox 205 3581 251 3634; x_wconf 78' lang='lat' dir='ltr'><strong><em>nt.</em></strong></span> <span class='ocrx_word' id='word_1_245' title='bbox 270 3581 307 3634; x_wconf 82' lang='lat' dir='ltr'><strong><em>M.</em></strong></span> <span class='ocrx_word' id='word_1_246' title='bbox 328 3582 392 3646; x_wconf 80' lang='grc'><strong>762,</strong></span> <span class='ocrx_word' id='word_1_247' title='bbox 411 3582 446 3634; x_wconf 86' lang='grc'><strong><em>34</em></strong></span> <span class='ocrx_word' id='word_1_248' title='bbox 465 3576 581 3651; x_wconf 77' lang='grc' dir='ltr'><strong><em>τορύνη·</em></strong></span> <span class='ocrx_word' id='word_1_249' title='bbox 609 3574 665 3636; x_wconf 73' lang='grc' dir='ltr'><strong><em>ὑπὸ</em></strong></span> <span class='ocrx_word' id='word_1_250' title='bbox 687 3584 746 3635; x_wconf 82' lang='grc' dir='ltr'><strong><em>τῶν</em></strong></span> <span class='ocrx_word' id='word_1_251' title='bbox 762 3575 891 3635; x_wconf 77' lang='grc' dir='ltr'><strong><em>Ἀττικῶν</em></strong></span> <span class='ocrx_word' id='word_1_252' title='bbox 914 3576 965 3648; x_wconf 79' lang='grc' dir='ltr'><strong><em>τὴν</em></strong></span> <span class='ocrx_word' id='word_1_253' title='bbox 989 3575 1135 3650; x_wconf 78' lang='grc' dir='ltr'><strong><em>εὐεργέτιν</em></strong></span> <span class='ocrx_word' id='word_1_254' title='bbox 1152 3577 1282 3646; x_wconf 85' lang='grc' dir='ltr'><strong><em>σημαίνει</em></strong></span> 
     </span>
     <span class='ocr_line' id='line_1_32' title="bbox 114 3665 1281 3740; baseline -0.003 -16"><span class='ocrx_word' id='word_1_255' title='bbox 114 3685 177 3724; x_wconf 90' lang='lat' dir='ltr'><strong>eum</strong></span> <span class='ocrx_word' id='word_1_256' title='bbox 199 3669 409 3724; x_wconf 85' lang='lat' dir='ltr'><strong>Hemsterhusia</strong></span> <span class='ocrx_word' id='word_1_257' title='bbox 431 3669 461 3723; x_wconf 93' lang='lat' dir='ltr'><strong><em>in</em></strong></span> <span class='ocrx_word' id='word_1_258' title='bbox 485 3665 606 3740; x_wconf 83' lang='grc' dir='ltr'><strong><em>εὐέργην</em></strong></span> <span class='ocrx_word' id='word_1_259' title='bbox 629 3667 807 3738; x_wconf 85' lang='grc' dir='ltr'><strong><em>καλουμένην</em></strong></span> <span class='ocrx_word' id='word_1_260' title='bbox 829 3671 992 3724; x_wconf 86' lang='lat' dir='ltr'><strong>mutandum</strong></span> <span class='ocrx_word' id='word_1_261' title='bbox 1014 3674 1064 3722; x_wconf 81' lang='lat' dir='ltr'><strong>est.</strong></span> <span class='ocrx_word' id='word_1_262' title='bbox 1093 3667 1128 3722; x_wconf 79' lang='lat' dir='ltr'><strong>ef.</strong></span> <span class='ocrx_word' id='word_1_263' title='bbox 1147 3667 1214 3721; x_wconf 89' lang='lat' dir='ltr'><strong>Poll.</strong></span> <span class='ocrx_word' id='word_1_264' title='bbox 1234 3666 1281 3722; x_wconf 88' lang='lat' dir='ltr'><strong><em>Vl.</em></strong></span> 
     </span>
     <span class='ocr_line' id='line_1_33' title="bbox 113 3758 274 3814; baseline -0.019 0"><span class='ocrx_word' id='word_1_265' title='bbox 113 3758 157 3814; x_wconf 84' lang='grc'><strong>88.</strong></span> <span class='ocrx_word' id='word_1_266' title='bbox 177 3758 211 3812; x_wconf 88' lang='lat' dir='ltr'><strong><em>X.</em></strong></span> <span class='ocrx_word' id='word_1_267' title='bbox 231 3758 274 3813; x_wconf 79' lang='grc'><strong>97.</strong></span> 
     </span>
    </p>

    <p class='ocr_par' dir='ltr' id='par_1_11' title="bbox 114 3841 1285 4273">
     <span class='ocr_line' id='line_1_34' title="bbox 159 3841 1282 3916; baseline -0.004 -14"><span class='ocrx_word' id='word_1_268' title='bbox 159 3849 219 3903; x_wconf 78' lang='lat'><strong>170.</strong></span> <span class='ocrx_word' id='word_1_269' title='bbox 241 3849 260 3912; x_wconf 87' lang='lat'><strong><em>¹)</em></strong></span> <span class='ocrx_word' id='word_1_270' title='bbox 280 3847 348 3902; x_wconf 82' lang='lat' dir='ltr'><strong><em>Cum</em></strong></span> <span class='ocrx_word' id='word_1_271' title='bbox 362 3861 378 3901; x_wconf 90' lang='lat' dir='ltr'><strong>e</strong></span> <span class='ocrx_word' id='word_1_272' title='bbox 393 3847 513 3902; x_wconf 87' lang='lat' dir='ltr'><strong>secundo</strong></span> <span class='ocrx_word' id='word_1_273' title='bbox 527 3846 587 3902; x_wconf 86' lang='lat' dir='ltr'><strong>loeo</strong></span> <span class='ocrx_word' id='word_1_274' title='bbox 601 3854 744 3916; x_wconf 80' lang='lat' dir='ltr'><strong>appareat,</strong></span> <span class='ocrx_word' id='word_1_275' title='bbox 764 3846 876 3901; x_wconf 81' lang='lat' dir='ltr'><strong>Aelium</strong></span> <span class='ocrx_word' id='word_1_276' title='bbox 889 3845 1052 3916; x_wconf 85' lang='lat' dir='ltr'><strong>Dionysium</strong></span> <span class='ocrx_word' id='word_1_277' title='bbox 1066 3844 1182 3898; x_wconf 87' lang='lat' dir='ltr'><strong>eundem</strong></span> <span class='ocrx_word' id='word_1_278' title='bbox 1197 3841 1282 3898; x_wconf 83' lang='lat' dir='ltr'><strong>fuisse</strong></span> 
     </span>
     <span class='ocr_line' id='line_1_35' title="bbox 114 3924 1284 4006; baseline -0.005 -15"><span class='ocrx_word' id='word_1_279' title='bbox 114 3941 199 4006; x_wconf 85' lang='lat' dir='ltr'><strong>atque</strong></span> <span class='ocrx_word' id='word_1_280' title='bbox 218 3929 234 3990; x_wconf 80' lang='grc' dir='ltr'><em>ὃ</em></span> <span class='ocrx_word' id='word_1_281' title='bbox 253 3932 367 4006; x_wconf 84' lang='grc' dir='ltr'><strong><em>γράψας</em></strong></span> <span class='ocrx_word' id='word_1_282' title='bbox 386 3924 461 3990; x_wconf 69' lang='grc' dir='ltr'><strong><em>οὕτω</em></strong></span> <span class='ocrx_word' id='word_1_283' title='bbox 479 3936 509 3989; x_wconf 92' lang='lat' dir='ltr'><strong><em>in</em></strong></span> <span class='ocrx_word' id='word_1_284' title='bbox 527 3937 628 4005; x_wconf 89' lang='lat' dir='ltr'><strong>priore,</strong></span> <span class='ocrx_word' id='word_1_285' title='bbox 647 3937 731 3991; x_wconf 87' lang='lat' dir='ltr'><strong>etiam</strong></span> <span class='ocrx_word' id='word_1_286' title='bbox 751 3952 831 3990; x_wconf 86' lang='lat' dir='ltr'><strong>voces</strong></span> <span class='ocrx_word' id='word_1_287' title='bbox 849 3932 1017 4005; x_wconf 81' lang='grc' dir='ltr'><strong><em>έπακτρίδες</em></strong></span> <span class='ocrx_word' id='word_1_288' title='bbox 1036 3938 1065 3988; x_wconf 88' lang='lat' dir='ltr'><strong>et</strong></span> <span class='ocrx_word' id='word_1_289' title='bbox 1079 3929 1231 4002; x_wconf 81' lang='grc' dir='ltr'><strong><em>έπακτρεῑς</em></strong></span> <span class='ocrx_word' id='word_1_290' title='bbox 1248 3933 1284 3986; x_wconf 87' lang='lat' dir='ltr'><strong><em>ad</em></strong></span> 
     </span>
     <span class='ocr_line' id='line_1_36' title="bbox 114 4018 1285 4094; baseline -0.005 -14"><span class='ocrx_word' id='word_1_291' title='bbox 114 4025 254 4080; x_wconf 76' lang='lat' dir='ltr'><strong>atticistas</strong></span> <span class='ocrx_word' id='word_1_292' title='bbox 266 4026 441 4080; x_wconf 86' lang='lat' dir='ltr'><strong>reducendae</strong></span> <span class='ocrx_word' id='word_1_293' title='bbox 454 4032 526 4079; x_wconf 82' lang='lat' dir='ltr'><strong>aunt.</strong></span> <span class='ocrx_word' id='word_1_294' title='bbox 546 4024 581 4079; x_wconf 80' lang='lat' dir='ltr'><strong><em>cs.</em></strong></span> <span class='ocrx_word' id='word_1_295' title='bbox 594 4026 665 4079; x_wconf 88' lang='lat' dir='ltr'><strong>Prol.</strong></span> <span class='ocrx_word' id='word_1_296' title='bbox 680 4043 705 4094; x_wconf 91' lang='lat' dir='ltr'><strong><em>p.</em></strong></span> <span class='ocrx_word' id='word_1_297' title='bbox 721 4027 756 4079; x_wconf 83' lang='lat'><strong><em>24</em></strong></span> <span class='ocrx_word' id='word_1_298' title='bbox 767 4041 805 4092; x_wconf 86' lang='lat' dir='ltr'><strong>sq.</strong></span> <span class='ocrx_word' id='word_1_299' title='bbox 828 4018 934 4078; x_wconf 77' lang='lat' dir='ltr'><strong>Auctor</strong></span> <span class='ocrx_word' id='word_1_300' title='bbox 951 4023 1035 4079; x_wconf 86' lang='lat' dir='ltr'><strong>lexici</strong></span> <span class='ocrx_word' id='word_1_301' title='bbox 1047 4021 1181 4077; x_wconf 84' lang='lat' dir='ltr'><strong>rhetorici</strong></span> <span class='ocrx_word' id='word_1_302' title='bbox 1199 4020 1285 4090; x_wconf 80' lang='lat' dir='ltr'><strong>igitur</strong></span> 
     </span>
     <span class='ocr_line' id='line_1_37' title="bbox 114 4111 1283 4183; baseline -0.004 -14"><span class='ocrx_word' id='word_1_303' title='bbox 114 4114 169 4169; x_wconf 84' lang='lat' dir='ltr'><strong>fuit</strong></span> <span class='ocrx_word' id='word_1_304' title='bbox 186 4114 353 4183; x_wconf 85' lang='lat' dir='ltr'><strong>Pausanias,</strong></span> <span class='ocrx_word' id='word_1_305' title='bbox 378 4114 426 4183; x_wconf 84' lang='lat' dir='ltr'><strong><em>qui</em></strong></span> <span class='ocrx_word' id='word_1_306' title='bbox 449 4114 612 4182; x_wconf 78' lang='lat' dir='ltr'><strong>saepissime</strong></span> <span class='ocrx_word' id='word_1_307' title='bbox 635 4114 775 4168; x_wconf 85' lang='lat' dir='ltr'><strong>concinuit</strong></span> <span class='ocrx_word' id='word_1_308' title='bbox 798 4129 860 4167; x_wconf 87' lang='lat' dir='ltr'><strong><em>cnm</em></strong></span> <span class='ocrx_word' id='word_1_309' title='bbox 884 4114 1023 4183; x_wconf 83' lang='lat' dir='ltr'><strong>Dionysio.</strong></span> <span class='ocrx_word' id='word_1_310' title='bbox 1052 4112 1137 4180; x_wconf 77' lang='lat' dir='ltr'><strong>Quem</strong></span> <span class='ocrx_word' id='word_1_311' title='bbox 1156 4111 1283 4166; x_wconf 80' lang='lat' dir='ltr'><strong>Eustath.</strong></span> 
     </span>
     <span class='ocr_line' id='line_1_38' title="bbox 116 4202 912 4273; baseline -0.003 -16"><span class='ocrx_word' id='word_1_312' title='bbox 116 4203 251 4258; x_wconf 82' lang='lat' dir='ltr'><strong>evolvisse</strong></span> <span class='ocrx_word' id='word_1_313' title='bbox 269 4205 330 4259; x_wconf 85' lang='lat' dir='ltr'><strong>lece</strong></span> <span class='ocrx_word' id='word_1_314' title='bbox 348 4203 490 4273; x_wconf 86' lang='lat' dir='ltr'><strong>superiore</strong></span> <span class='ocrx_word' id='word_1_315' title='bbox 508 4202 542 4257; x_wconf 88' lang='lat' dir='ltr'><strong><em>fr.</em></strong></span> <span class='ocrx_word' id='word_1_316' title='bbox 561 4205 624 4258; x_wconf 86' lang='grc'><strong>259.</strong></span> <span class='ocrx_word' id='word_1_317' title='bbox 643 4204 739 4257; x_wconf 83' lang='lat' dir='ltr'><strong>statim</strong></span> <span class='ocrx_word' id='word_1_318' title='bbox 757 4202 912 4271; x_wconf 79' lang='lat' dir='ltr'><strong>intelleges.</strong></span> 
     </span>
    </p>

    <p class='ocr_par' dir='ltr' id='par_1_12' title="bbox 115 4289 1280 4452">
     <span class='ocr_line' id='line_1_39' title="bbox 204 4289 1280 4362; baseline -0.003 -14"><span class='ocrx_word' id='word_1_319' title='bbox 204 4293 225 4361; x_wconf 87' lang='lat'><strong><em>¹)</em></strong></span> <span class='ocrx_word' id='word_1_320' title='bbox 244 4293 326 4348; x_wconf 82' lang='lat' dir='ltr'><strong>Gens.</strong></span> <span class='ocrx_word' id='word_1_321' title='bbox 348 4294 414 4348; x_wconf 87' lang='lat' dir='ltr'><strong>Hes.</strong></span> <span class='ocrx_word' id='word_1_322' title='bbox 434 4309 456 4347; x_wconf 92' lang='lat' dir='ltr'><strong>s.</strong></span> <span class='ocrx_word' id='word_1_323' title='bbox 470 4309 494 4347; x_wconf 83' lang='lat' dir='ltr'><strong><em>v.</em></strong></span> <span class='ocrx_word' id='word_1_324' title='bbox 515 4289 685 4362; x_wconf 76' lang='grc' dir='ltr'><strong><em>ἐπακτρίδας</em></strong></span> <span class='ocrx_word' id='word_1_325' title='bbox 702 4292 866 4360; x_wconf 65' lang='grc'><strong>11611353,</strong></span> <span class='ocrx_word' id='word_1_326' title='bbox 881 4293 906 4344; x_wconf 81' lang='grc'><strong>7.</strong></span> <span class='ocrx_word' id='word_1_327' title='bbox 922 4290 958 4349; x_wconf 84' lang='lat' dir='ltr'><strong>ef.</strong></span> <span class='ocrx_word' id='word_1_328' title='bbox 973 4292 1083 4361; x_wconf 82' lang='lat' dir='ltr'><strong>Freyer.</strong></span> <span class='ocrx_word' id='word_1_329' title='bbox 1107 4290 1184 4346; x_wconf 76' lang='lat' dir='ltr'><strong>seue.</strong></span> <span class='ocrx_word' id='word_1_330' title='bbox 1204 4290 1280 4360; x_wconf 87' lang='lat' dir='ltr'><strong>Lips.</strong></span> 
     </span>
     <span class='ocr_line' id='line_1_40' title="bbox 115 4381 593 4452; baseline 0 -16"><span class='ocrx_word' id='word_1_331' title='bbox 115 4381 147 4436; x_wconf 88' lang='lat' dir='ltr'><strong><em>V.</em></strong></span> <span class='ocrx_word' id='word_1_332' title='bbox 166 4398 193 4452; x_wconf 91' lang='lat' dir='ltr'><strong><em>p.</em></strong></span> <span class='ocrx_word' id='word_1_333' title='bbox 213 4383 274 4438; x_wconf 84' lang='grc'><strong>266.</strong></span> <span class='ocrx_word' id='word_1_334' title='bbox 285 4398 344 4451; x_wconf 86' lang='lat' dir='ltr'><strong>sqq.</strong></span> <span class='ocrx_word' id='word_1_335' title='bbox 365 4381 401 4436; x_wconf 83' lang='lat' dir='ltr'><strong>ef.</strong></span> <span class='ocrx_word' id='word_1_336' title='bbox 420 4381 488 4436; x_wconf 90' lang='lat' dir='ltr'><strong>Pell.</strong></span> <span class='ocrx_word' id='word_1_337' title='bbox 507 4382 529 4436; x_wconf 96' lang='lat' dir='ltr'><strong><em>I.</em></strong></span> <span class='ocrx_word' id='word_1_338' title='bbox 550 4384 593 4437; x_wconf 84' lang='grc'><strong>82.</strong></span> 
     </span>
    </p>
   </div>
   <div class='ocr_carea' id='block_1_5' title="bbox 0 0 1518 5040">
    <p class='ocr_par' dir='ltr' id='par_1_13' title="bbox 0 0 1518 5040">
     <span class='ocr_line' id='line_1_41' title="bbox 0 0 1518 5040; baseline 0 0"><span class='ocrx_word' id='word_1_339' title='bbox 0 0 1518 5040; x_wconf 95' lang='lat' dir='ltr'><strong><em> </em></strong></span> 
     </span>
    </p>
   </div>
  </div>
 </body>
</html>
