3000 5040
817 195 861 260 40
1368 256 1407 319 4

339 352 374 438 4)
399 351 540 430 Glossae‚
558 374 635 437 quas
653 353 812 435 attieistae
832 354 907 421 sibi
926 353 1035 438 ipsis,
1054 355 1074 422 i.
1090 377 1116 422 o.
1134 357 1263 425 leotioni
1280 363 1426 425 veterum

252 460 399 526 assiduae
423 464 456 524 et
475 459 631 543 excerptis
649 481 688 525 ex
706 442 870 528 auctorum
889 462 938 528 vel
957 460 1074 528 sabulis
1096 463 1146 529 vel
1168 463 1258 530 libris
1276 465 1426 549 pedestri

252 568 396 632 oratione
419 566 613 650 conscriptis,
636 567 762 634 debent.

341 673 410 752 Qua
438 672 471 737 in
498 674 550 738 via
576 675 784 758 ingredienda
816 695 880 741 non
908 676 1014 741 omnia
1040 697 1158 760 genera
1184 696 1283 761 aeque
1314 677 1424 762 perlu-

251 781 346 846 strari
369 801 471 863 posse,
492 801 550 865 per
572 801 605 845 se
628 781 831 846 manifestum
850 785 911 847 est:
934 784 1067 867 primam
1087 789 1120 849 et
1142 783 1276 849 alteram
1298 790 1425 868 partem

251 885 381 952 maioris
403 888 555 954 momenti
578 907 646 952 esse
669 909 764 971 quam
788 892 933 972 quartam
956 889 996 965 is,
1024 891 1080 973 qui
1102 889 1280 973 fragmenta
1303 893 1423 957 exami-

251 994 384 1071 naverit,
407 994 515 1060 statim
538 995 701 1060 concedet:
729 995 865 1078 primum
889 1001 921 1060 et
944 995 1079 1061 alterum
1101 996 1201 1080 igitur
1222 997 1424 1080 potissimum

252 1121 350 1186 genus
374 1100 539 1185 elegimus,
562 1105 668 1167 cetera
692 1101 802 1187 (tertio
826 1101 956 1188 omisso)
980 1100 1084 1168 obiter
1106 1104 1327 1170 tantummodo
1351 1109 1423 1171 tan-

252 1226 370 1291 gemus.

802 1369 871 1449 er.

341 1529 387 1595 Ao
404 1529 542 1612 primum
564 1527 692 1612 quidem
714 1526 806 1594 nobis
829 1527 862 1592 in
885 1529 919 1594 id
942 1550 1041 1613 genus
1064 1529 1241 1614 glossarum
1263 1529 1426 1616 inquiren·

253 1638 329 1703 dum
357 1640 419 1713 est,
451 1634 536 1718 quod
564 1633 718 1700 elibris
745 1656 869 1700 rerum
896 1635 1031 1702 ordine
1059 1636 1261 1720 dispositis
1287 1640 1426 1721 petitum

254 1763 321 1809 esse
343 1742 476 1808 videtur.
512 1742 653 1820 Quorum
672 1762 785 1825 agmen
809 1742 928 1807 duount
951 1742 1073 1827 glossae
1096 1765 1178 1828 quae
1201 1764 1244 1808 ex
1269 1765 1426 1830 excerp·

253 1849 305 1916 tis
324 1848 619 1933 Aristophaneis
637 1848 679 1913 ad
697 1870 754 1914 nos
772 1855 991 1933 pervenerunt.
1010 1849 1048 1916 of.
1058 1849 1138 1916 Nah.
1148 1850 1230 1917 Prol.
1241 1872 1271 1934 p.
1284 1850 1427 1919 71-75.

343 1954 509 2021 Atticistas
537 1975 633 2039 opera
655 1954 876 2040 Aristophanis
899 1956 1046 2041 Byzantii
1074 1957 1259 2040 compilasse
1286 1960 1426 2025 certissi-

254 2083 340 2128 mum
363 2067 420 2127 est.
460 2061 592 2146 Legitur
615 2061 698 2127 enim
721 2083 769 2146 ap.
793 2062 939 2129 Eustath.
959 2085 987 2147 p.
1007 2063 1083 2141 971,
1102 2064 1153 2129 30.
1172 2062 1259 2148 λέγει
1283 2063 1320 2130 δὲ
1344 2063 1427 2131 έκεῖ-

256 2192 315 2246 νος
347 2159 366 2234 ὃ
404 2159 450 2233 τὰ
489 2165 666 2255 ῥηθέντα
704 2160 915 2253 συγγενικὰ
952 2165 1252 2256 ἐκγραψάμενος
1282 2173 1341 2236 καὶ
1374 2161 1427 2238 ὅτι

255 2266 369 2359 nimphe
387 2270 533 2360 παράγε
551 2284 622 2351 τοϊς
634 2267 793 2352 Ἀττικοῖς
811 2271 981 2361 βάρβαρόν
1001 2274 1091 2341 ἐστιν
1110 2315 1153 2324 -
1171 2275 1258 2361 λέγει
1282 2277 1320 2343 δὲ
1344 2277 1427 2344 ἐκεῖ·

256 2406 314 2460 νος
336 2383 394 2447 καὶ
417 2375 554 2464 ἄκφαν
577 2373 639 2467 τὴν
663 2373 827 2468 oidelerio,
854 2382 911 2445 καὶ
935 2374 1087 2465 ‹inpios›
1109 2375 1321 2469 iaoxriptopa
1345 2384 1427 2472 ἐρω-

253 2489 353 2576 μένης
371 2490 429 2554 καὶ
447 2481 531 2554 ἄλλα
549 2481 637 2569 τινὰ,
659 2490 738 2574 περὶ
761 2477 811 2554 ὦν
835 2487 871 2553 έν
895 2480 1009 2566 ἄλλοις
1030 2488 1220 2575 γέγραπται.
1245 2489 1283 2558 of.
1302 2513 1332 2576 p.
1351 2491 1428 2571 565,

255 2597 307 2664 23.
327 2596 379 2684 (fr.
395 2597 484 2684 419).
524 2599 652 2682 Χρῆσιν
671 2595 899 2674 Theocriteam,
917 2617 1013 2680 quam
1030 2596 1119 2662 Eust.
1137 2596 1265 2682 utrique
1281 2597 1352 2665 loeo
1370 2599 1428 2665 ad·

256 2704 318 2782 dit,
344 2725 447 2786 neque
470 2703 677 2787 Aristophani
698 2724 800 2787 neque
823 2703 972 2768 atticistis
999 2702 1120 2782 tribuo,
1147 2705 1234 2788 quod
1256 2703 1428 2789 explicatio

219 2812 225 2821 '
255 2810 376 2878 insulsa
403 2813 464 2886 est,
493 2815 526 2874 et
553 2810 637 2895 quod
666 2810 830 2895 episeopus
857 2810 899 2874 ad
925 2808 1028 2874 looum
1054 2809 1254 2876 notissimum
1280 2810 1350 2878 XV.
1378 2811 1429 2878 14.

256 2917 379 2983 alludit.
425 2914 620 2999 Compilator
646 2915 707 2982 iste
733 2936 825 2981 nemo
853 2915 934 2980 alius
962 2915 1024 2980 fuit
1051 2937 1146 2998 quam
1172 2915 1282 2983 Aelius
1305 2917 1428 3004 Diony·

256 3025 332 3101 sius,
354 3024 443 3088 ouius
461 3021 499 3086 fr.
518 3022 592 3086 309.
610 3023 786 3106 praeeedit:
811 3017 987 3106 συγγενικά
1010 3042 1083 3088 vero
1102 3021 1325 3108 Aristophanis
1344 3030 1428 3092 sunt

257 3169 298 3180 -
319 3129 409 3194 Alter
427 3129 523 3206 loona,
546 3150 640 3213 quem
663 3150 701 3194 ex
725 3128 906 3193 coniectura
926 3128 1183 3212 probabilissima
1205 3130 1247 3196 ad
1269 3129 1429 3198 attieistas

256 3236 450 3314 rettulimus,
474 3240 522 3300 est
544 3257 573 3318 p.
597 3234 676 3312 565,
703 3235 752 3300 19.
777 3233 829 3319 (fr.
848 3234 938 3319 419).
968 3233 1009 3300 έν
1039 3234 1079 3301 δέ
1103 3233 1264 3301 ἐκθέσει
1289 3252 1428 3322 συγγε-

257 3347 382 3408 νικῶν
412 3340 558 3422 λέξεων
586 3340 818 3426 φερομένων
847 3339 889 3406 έν
916 3337 1116 3428 ῥητορικῷ
1138 3345 1292 3428 λεξικῴ.
1339 3343 1430 3410 Idem

258 3455 306 3516 est
333 3454 430 3532 atque
456 3448 539 3514 Aelii
566 3448 710 3533 Dionysii
737 3449 874 3525 lexieon,
901 3448 939 3514 of.
963 3447 1001 3514 fr.
1024 3447 1098 3512 253.
1117 3448 1193 3514 309.
1211 3447 1285 3513 419.
1330 3449 1430 3517 Recte

257 3556 321 3622 iam
339 3556 456 3640 Freyer
473 3554 534 3620 hoo
555 3555 636 3620 vidit
660 3555 748 3642 (Lpz.
767 3553 856 3620 Stud.
876 3554 913 3620 V.
931 3577 961 3639 p.
981 3554 1070 3639 392),
1094 3554 1148 3639 qui
1166 3555 1308 3620 Fresenii
1325 3577 1357 3639 p.
1376 3554 1429 3623 54.

257 3662 391 3747 vestigia
417 3683 562 3746 premens
585 3661 831 3745 Aristophanem
860 3661 944 3726 Aehi
971 3660 1115 3745 Dionysii
1141 3666 1304 3727 auctorem
1330 3661 1430 3729 fuisse

258 3769 472 3836 oontenderat.
497 3807 538 3816 -
563 3768 654 3847 Quod
677 3773 783 3833 autem
808 3773 1014 3852 συγγενικῶν
1042 3767 1159 3833 librum
1181 3771 1301 3833 eertum
1324 3773 1374 3834 est
1396 3768 1429 3835 in

258 3877 470 3942 atticistarum
508 3875 627 3959 opellas
663 3875 918 3958 transmigrasse,
959 3873 1082 3958 singula
1116 3873 1201 3939 illius
1233 3873 1307 3939 libri
1343 3873 1429 3959 frag·

258 3986 366 4049 menta
393 4005 464 4048 oum
491 3982 702 4048 atticistarum
730 3981 914 4066 fragmentis
948 3982 1159 4064 comparanda
1191 3986 1265 4046 sunt
1292 3980 1427 4066 (Nauck.

259 4091 311 4155 Ar.
331 4090 403 4174 Byz.
422 4112 452 4174 p.
474 4090 682 4175 128-150.).
720 4090 912 4173 Fragmenta
934 4087 1020 4153 illius
1044 4087 1118 4152 libri
1141 4088 1295 4172 imprimis
1318 4086 1428 4153 deberi

259 4196 428 4262 Eustathio
453 4195 519 4283 (oui
542 4201 690 4280 excerpta
708 4195 941 4279 Aristophanes
964 4195 1006 4261 ad
1028 4215 1157 4260 manum
1180 4195 1276 4260 fuisse
1300 4199 1333 4260 et
1351 4194 1427 4259 Fre-

259 4303 365 4370 senius
383 4303 404 4368 l.
422 4303 442 4370 l.
462 4301 546 4368 eth.
567 4302 665 4380 Cohn,
683 4302 720 4368 N.
739 4301 872 4368 Jahrbb.
893 4301 1000 4386 Suppl.
1021 4301 1090 4366 XII.
1111 4323 1140 4386 p.
1160 4300 1427 4388 371sq.demon·
