3000 5040
809 304 873 369 130

251 463 352 546 εἶδος,
380 458 443 548 άφ’
468 453 509 530 οὗ
530 466 692 550 παροιμία
714 458 754 529 τὸ
778 467 897 544 ,βοῦς
920 459 1147 548 έβδομοςω)
1176 457 1298 547 ἔχουσα
1320 456 1428 547 λόγον

250 569 397 639 τοιόνδε·
423 576 583 657 σεληναι
593 573 619 656 ³)
637 570 792 655 πέμματα
806 557 892 656 ἦσαν
905 567 1034 634 πλατέα
1048 573 1245 655 κυκλοτερῆ,
1265 568 1322 634 ἐπὶ
1338 569 1376 635 δὲ
1391 567 1430 650 ἓξ

252 676 404 766 σελήναις
417 673 588 753 τοιαύταις
602 681 695 757 βοῦν,
709 694 844 758 φασιν,
864 672 1007 759 ἕβδομον
1021 672 1174 756 ἔπεττον,
1192 675 1317 762 κέρατα
1333 672 1428 760 ἔχον-

249 810 292 850 τα
315 776 400 850 κατά
419 786 555 870 μίμησιν
578 790 806 868 προιτοφυοῦς
825 784 1114 870 (1προτοφαοσς)
1140 777 1286 870 σελήνης.
1316 778 1428 848 ἔθυον

223 892 311 976 υμὲν
334 880 396 956 οὖν
419 893 475 956 καὶ
499 889 555 955 ἐπὶ
577 891 732 974 τέσσαρσι
755 885 924 966 ποπάνοις
946 895 1071 954 τοῦτον
1093 881 1156 955 τὸν
1178 893 1273 970 βοῦν,
1294 893 1427 974 μᾶλλον

249 999 365 1083 μέντοι
393 997 447 1064 ἐπὶ
475 1009 548 1074 ταῖς
575 995 611 1078 ἓξ
638 993 744 1063 ἔθυον
773 988 892 1076 αὐτὸν,
921 985 958 1074 ὃς
985 997 1042 1061 καὶ
1066 994 1217 1061 ἐκαλεῖτο
1242 987 1297 1061 διά
1318 1003 1425 1062 τοῦτο

250 1102 391 1189 ἕβδομος
417 1109 511 1186 βοῦς·
544 1097 563 1169 ὃ
593 1104 629 1168 δὲ
655 1111 762 1168 ταῦτα
791 1098 966 1190 ἱστορήσας
993 1104 1224 1180 Παυσανίας
1251 1102 1340 1188 λέγει
1368 1104 1427 1167 καὶ

250 1202 302 1278 ὅτι
331 1209 364 1276 αἱ
392 1208 547 1298 ῥηθεῖσαι
575 1215 709 1296 σελῆναι
738 1201 795 1293 [τά
826 1209 995 1294 πέμματα]
1028 1211 1086 1274 καὶ
1117 1209 1319 1294 πέλανοι4)
1354 1207 1425 1274 ἐλέ-

249 1341 350 1403 γοντο
374 1319 431 1383 καὶ
455 1309 507 1384 ὅτι
530 1313 715 1402 πεμμάτων
734 1312 822 1394 εἶδος
844 1317 901 1381 καὶ
921 1313 953 1381 οἱ
977 1309 1231 1402 άνάστατοιῦ)
1253 1320 1425 1382 πλακοῦν-

212 1445 305 1502 ιοτες
333 1426 390 1489 καὶ
418 1423 451 1490 οἱ
477 1426 687 1509 χαρίσιοιθ)
716 1424 771 1488 καὶ
801 1421 833 1488 οἱ
862 1415 1155 1508 άμφιςοοῦντεςί)
1182 1424 1240 1488 καὶ
1264 1417 1425 1509 φθόϊςῧ)

251 1531 301 1611 δέ,
328 1549 439 1613 φασι,
466 1530 620 1615 πέμματα
642 1522 725 1614 μετὰ
750 1525 951 1614 σπλάγχνων
975 1524 1174 1614 ἐσθιόμενα.
1199 1529 1315 1616 (Meier
1338 1523 1424 1595 θυό-

273 1659 356 1702 ενα.

248 1660 271 1720 μ
334 1639 413 1808 ilia.
446 1743 617 1808 Eustath.
636 1765 665 1826 p.
685 1743 764 1819 962,
786 1743 835 1807 17.
868 1732 1023 1828 ἐπιτυχὴς
1052 1741 1088 1807 δὲ
1117 1736 1260 1825 μάλιστα
1287 1739 1324 1806 έν
1352 1752 1426 1818 τοῖς

251 1844 447 1934 ἑρμηνεῦσιν
472 1839 491 1912 ὁ
514 1841 712 1931 μεταλαβοὸν
734 1839 797 1912 τόν
816 1843 1009 1932 βουγάϊον
1028 1847 1074 1925 είς
1092 1843 1243 1934 βόσκημα
1261 1839 1425 1933 ἀναίσθη-

210 1973 236 2013 15
249 1977 311 2020 τον
321 1955 356 2042 1).
385 1944 438 2019 ὅτι
458 1952 494 2019 δὲ
513 1954 570 2017 καὶ
588 1951 634 2029 είς
657 1945 878 2039 ἀναισθησίας
901 1960 1042 2038 σκῶμμα
1065 1951 1268 2038 λαμβάνεται
1290 1946 1309 2019 ὃ
1332 1957 1426 2034 βοῦς,

339 2202 360 2268 ²)
378 2199 559 2256 Proverbium
571 2202 640 2271 βοῦς
652 2193 785 2270 έβδομος·
806 2195 924 2254 ἐπὶτῶν
936 2195 1128 2270 ἀναισθήτων,
1149 2200 1221 2270 quod
1234 2217 1269 2256 ex
1281 2201 1340 2256 alia
1350 2201 1424 2256 Pau-

250 2291 347 2346 saniae
367 2290 458 2359 glossa
476 2290 604 2343 Eustath.
624 2305 660 2343 ex
678 2305 753 2343 more
772 2289 837 2343 huic
854 2290 915 2344 loco
934 2290 1073 2357 innexuit,
1093 2305 1138 2358 ap.
1158 2290 1232 2345 Suid.
1252 2291 1289 2360 gl.
1310 2293 1334 2346 1.
1354 2291 1423 2344 Dio·

251 2396 312 2449 gen.
332 2380 382 2434 ΙΙΙ.
401 2380 443 2434 50.
464 2380 536 2433 Mac.
555 2379 591 2432 ΙΙ.
611 2379 653 2433 89.
673 2378 744 2432 Mill.
764 2379 829 2432 Mel.
848 2395 877 2446 p.
896 2379 957 2433 357.
977 2377 1023 2445 (cf.
1042 2383 1097 2433 not.
1117 2380 1154 2447 8.)

338 2467 359 2534 ⁸)
380 2483 456 2523 conv.
475 2468 555 2521 Phot.
575 2483 595 2520 s.
615 2483 640 2520 v.
661 2461 790 2534 σελήνας,
811 2461 923 2534 σελήνη.
943 2467 1038 2536 Steph.
1053 2469 1117 2538 Byr.
1137 2483 1158 2521 s.
1172 2483 1196 2521 v.
1216 2467 1282 2522 Hes.
1298 2483 1319 2521 s.
1336 2483 1360 2521 v.
1376 2483 1425 2521 os·

251 2553 344 2626 λὴνας,
364 2553 526 2624 ἐπισέληνα,
546 2555 621 2610 Suid.
639 2571 660 2609 s.
681 2572 704 2609 v.
725 2557 847 2623 σελῆναι.

340 2647 364 2712 ⁴)
383 2645 417 2700 ci.
437 2645 532 2714 Harp.‚
552 2644 598 2712 qui
617 2644 793 2714 Didymum
812 2648 847 2713 (p.
867 2644 910 2698 40.
930 2643 1064 2710 Schmidt)
1084 2646 1225 2698 auctorem
1243 2645 1354 2700 laudat:
1379 2643 1425 2698 Δί-

251 2736 337 2802 δυμος
356 2731 387 2787 δὲ
405 2733 508 2803 κυρίας
527 2735 597 2802 φησί
615 2728 648 2787 τά
668 2730 701 2788 ἐκ
719 2734 770 2802 τῆς
788 2727 931 2801 παιπάλης
948 2730 1059 2800 πέμμα,
1080 2728 1112 2798 ἐξ
1131 2721 1164 2787 οὗ
1184 2736 1333 2789 ποιοῦνται
1352 2730 1424 2800 πέμ-

250 2841 334 2891 ματα.
354 2821 398 2889 (ci.
408 2822 480 2875 Prol.
491 2839 517 2890 p.
529 2823 581 2889 63.)
601 2822 677 2890 Quae
690 2821 816 2877 doctrina
827 2822 902 2876 redit
915 2838 959 2891 ap.
969 2822 1047 2875 Phot.
1059 2820 1134 2876 Suid.
1147 2821 1186 2889 (in
1198 2825 1319 2890 utraque
1331 2820 1425 2890 glossa

251 2911 398 2982 Dionysius
411 2909 506 2964 Thrax
524 2911 661 2979 laudatus,
682 2913 754 2980 quod
773 2914 931 2980 corruptum
951 2915 1001 2964 est.
1031 2908 1134 2964 (lomici
1151 2909 1341 2966 testimonium
1359 2910 1424 2964 sub·

252 3017 312 3055 esse
331 2998 474 3068 suspicor.)
493 2997 563 3051 Tim.
582 2999 636 3053 lex.
656 3000 726 3053 Plat.
746 3015 767 3053 s.
786 3016 812 3054 v.
831 2999 958 3054 Eustath.
982 3015 1009 3067 p.
1029 2999 1112 3064 1601,
1132 2998 1157 3052 4.
1193 2998 1298 3054 Vocem
1316 3000 1343 3068 1)
1361 2998 1424 3068 pla·

252 3095 361 3144 centam
384 3088 411 3153 2)
434 3102 558 3155 spumam
581 3089 608 3154 3)
630 3084 740 3155 μισθὸν
762 3091 803 3160 τῷ
826 3083 927 3155 μάντει
948 3082 1098 3154 διδόμενον
1121 3085 1294 3156 significasse
1316 3091 1424 3143 testan-

251 3181 298 3230 tur
316 3177 395 3230 Phot.
415 3174 489 3230 Suid.
508 3174 602 3229 Prima
620 3176 757 3230 etaltera
776 3177 927 3245 explicatio
945 3193 990 3245 ap.
1008 3176 1113 3230 Anecd.
1133 3176 1247 3230 Bachm.
1266 3177 1287 3230 I.
1307 3177 1370 3245 335,
1388 3177 1425 3231 20

251 3264 299 3318 ubi
318 3259 430 3327 ὀπῶδές
446 3280 495 3332 pro
515 3265 625 3327 πυῶδες
647 3264 774 3318 restituo.
811 3264 908 3320 Tertia
925 3265 967 3320 vis
986 3263 1113 3320 vocabuli
1136 3279 1181 3334 ap.
1200 3264 1267 3319 Hes.
1286 3280 1307 3319 s.
1326 3281 1351 3320 v.
1370 3279 1423 3319 πε-

251 3347 347 3418 δανός,
373 3351 408 3407 cl.
426 3353 497 3407 Nab.
516 3353 588 3408 Prol.
608 3354 650 3408 66.
669 3353 730 3408 126.

339 3440 361 3510 ⁵)
380 3435 535 3496 άνάστατοι
554 3440 587 3496 cf.
607 3441 682 3497 Suid.
700 3443 766 3496 Hes.

340 3530 361 3598 6)
380 3529 414 3584 ci.
434 3532 535 3585 Athen.
560 3531 633 3585 XIV.
660 3532 720 3585 646.
735 3533 766 3585 Β.
791 3529 864 3585 Suid.
884 3545 905 3584 s.
924 3546 948 3584 v.
968 3525 1144 3595 ἀνάστατοι,
1160 3528 1287 3601 χαρίσιοι
1310 3528 1424 3598 (ubique

250 3617 409 3673 testimonio
428 3634 463 3672 ex
481 3619 695 3673 Daetalensibus
714 3619 920 3687 Aristophaneo
939 3619 1038 3685 ornati,
1058 3619 1093 3674 cf.
1114 3619 1149 3676 fr.
1168 3619 1228 3675 202.
1247 3618 1337 3686 Kock)
1355 3617 1423 3674 Hes.

339 3708 349 3737 u
378 3706 413 3760 cf.
433 3706 465 3760 fr.
485 3709 528 3762 51.
1142 3722 1146 3769 r

339 3711 360 3861 θλ
379 3794 412 3850 ci.
432 3796 559 3850 Eustath.
579 3813 605 3864 p.
625 3797 704 3864 1753,
723 3797 748 3850 3.
767 3796 846 3850 Phot.
865 3795 939 3850 Suid.
958 3796 1064 3851 Anecd.
1083 3783 1197 3891 Bacirm.
1216 3797 1237 3849 Ι.
1257 3812 1284 3865 p.
1302 3795 1365 3862 405,
1380 3796 1423 3850 21.

250 3885 335 3937 Moer.
355 3901 380 3952 p.
397 3885 458 3951 212,
479 3888 502 3938 1.
521 3885 609 3938 Bekk.
629 3885 693 3938 Hes.
714 3884 841 3949 Graesse,
860 3883 993 3939 Numism.
1013 3902 1040 3954 p.
1055 3885 1098 3939 24.
1117 3883 1239 3953 Boeckh.
1259 3884 1288 3938 0.
1307 3884 1329 3938 Ι.
1349 3883 1382 3938 G.
1401 3884 1423 3937 Ι.

250 3989 275 4040 p.
297 3973 355 4026 145.
366 3988 444 4040 sqqu.
473 3973 516 4026 De
534 3972 622 4026 forma
641 3974 715 4027 vocis
734 3974 797 4028 vide
816 3973 965 4027 Herodian.
985 3973 1301 4035 Lentz.1.400,25.11.
1321 3972 1366 4037 40,
1379 3973 1424 4027 26.

250 4061 310 4125 313,
331 4062 373 4115 17.
393 4061 492 4114 —Ex
510 4062 576 4116 Hes.
595 4077 616 4116 s.
636 4079 661 4116 v.
682 4067 840 4131 corruptum
859 4061 928 4116 illud
948 4064 1065 4132 σμῆγμα
1084 4055 1130 4136 ορ,
1143 4060 1213 4116 Mill.
1231 4061 1296 4115 Mel.
1316 4077 1342 4130 p.
1361 4060 1424 4115 357.

250 4148 280 4201 in
303 4151 404 4216 ψῆγμα
429 4151 609 4218 correxerim,
633 4167 687 4205 non
710 4148 817 4218 πέμμα,
842 4156 873 4205 ut
896 4151 991 4205 Miller
1014 4166 1049 4204 ex
1072 4152 1178 4206 Macar.
1197 4149 1232 4204 Il.
1252 4147 1287 4202 89
1311 4147 1442 4209 efficere,

251 4237 364 4291 studuit.

295 4326 360 4379 ela.
383 4327 401 4392 ¹)
420 4325 454 4380 cf.
474 4325 506 4380 fr.
527 4328 570 4381 98.

338 4413 359 4484 a)
377 4429 513 4482 nusquam
531 4415 658 4468 iteratur.
