3000 5040
729 238 787 304 101

258 392 310 458 37.
343 393 517 459 Eustath.
535 417 565 477 p.
586 395 660 472 776,
678 395 731 460 33.
755 396 986 470 Παυσανίας
1010 392 1047 458 έν
1069 401 1118 479 τῷ
1137 387 1215 459 κατ’
1235 388 1339 462 αὐτόν

164 503 290 584 λεξικῷ
317 498 419 584 λέγει,
448 490 500 565 ότι
528 493 765 578 α’λκυονίδες
791 493 932 587 ἡμέραι
960 498 995 565 αὶ
1023 499 1060 565 έν
1084 507 1223 584 χειμῶνι
1245 497 1339 588 νήνε-

164 628 227 690 μοι
244 606 301 670 καὶ
322 601 469 692 γαλήνην
493 602 626 691 έχουσαι
644 609 701 672 καὶ
722 599 775 672 ότι
793 609 870 692 περὶ
889 615 952 672 τοῦ
970 599 1084 672 αὐτῶν
1103 600 1251 691 ἀριθμοῦ
1270 609 1339 673 δια·

166 712 315 798 φέρεται.
339 713 530 799 Σιμωνίδης
552 713 614 797 μέν
636 707 699 798 γὰρ
722 714 824 779 πέντε
845 716 947 800 φησὶν
966 705 1069 790 αὐτὰς
1087 715 1144 779 καὶ
1161 706 1339 798 Ἀριστοτέ-

167 822 242 904 λης,
269 814 462 904 Δημαγόρας
490 819 525 883 δὲ
549 813 567 884 ό
591 817 720 905 Σάμιος
745 813 843 900 έτιτόι,
875 814 1058 904 Φιλόχορος
1082 820 1117 885 δέ
1142 818 1248 885 ἐννέα.
1274 811 1340 908 [ότι
1367 840 1380 879 s

167 924 206 989 δὲ
229 925 286 989 καὶ
305 925 543 1009 δεκατέσσαρες
562 925 657 1005 είσιν,
676 923 785 1010 έτεροι
804 924 980 1012 λέγουσινή.
1007 918 1025 990 ό
1047 918 1079 990 δ’
1099 918 1218 1004 αὐτός
1236 929 1340 991 Παυ-

167 1032 307 1107 σανίας
329 1036 442 1114 μῦθον
467 1024 523 1096 ἐπ’
547 1025 662 1109 αὐτοῖς
685 1034 742 1098 καὶ
765 1029 890 1098 τοῦτόν
913 1048 1029 1118 φησιν·
1053 1025 1256 1109 Ἀλκυονέως
1278 1040 1340 1097 τοῦ

165 1138 322 1222 γίγαντος
344 1137 527 1223 θυγατέρες
553 1139 702 1219 Φθονία,
724 1132 839 1225 Ἄνθη,
863 1134 1030 1224 Μεθώνη,
1048 1130 1224 1218 Άλκίιιιια,
1247 1139 1339 1207 Παλ-

167 1237 266 1330 λήνη,
293 1236 419 1330 Δριμοό,
441 1235 595 1331 Ἀστερίη.
625 1234 723 1309 αὗται
750 1238 832 1328 μετὰ
856 1238 918 1330 τήν
941 1237 1154 1328 τοῦπατρὸς
1179 1236 1339 1330 τελευτήν

167 1341 237 1414 οἶτιό
264 1350 517 1436 Καναστραίου,
550 1343 569 1415 ό
597 1349 688 1416 ἐστιν
717 1344 824 1435 ἄκρον
852 1347 1028 1437 Παλλήνης
1056 1350 1164 1436 [μέχρι
1191 1353 1249 1415 καὶ
1275 1358 1339 1415 νῦν
1353 1371 1378 1409 10

166 1451 343 1538 φυλάσσου
369 1449 432 1542 τήν
459 1455 590 1544 κλῆσιν]
620 1453 762 1542 ἔρριψαν
791 1450 911 1534 ἑαυτὰς
939 1457 984 1534 είς
1012 1453 1198 1524 θάλασσαν.
1226 1450 1337 1540 Ἁμφι-

165 1562 262 1648 τρίτη
286 1554 319 1627 δ’
342 1553 445 1640 αότόις
468 1555 611 1648 ὄρνιθας
634 1562 784 1650 ἐποίησε,
808 1565 865 1628 καὶ
888 1556 956 1628 ἀπὸ
980 1570 1042 1628 τοῦ
1064 1554 1193 1648 πατρός
1216 1555 1338 1629 όλκυό-

166 1691 223 1745 νες
246 1664 454 1755 ἐκλήθησαν,
477 1661 540 1751 ἀφ’
564 1658 614 1735 ὥν
637 1666 672 1734 αἱ
695 1662 891 1747 όιλκυονίδες
923 1664 1049 1756 ήμέραι.
1079 1669 1191 1735 ἰστέον
1221 1669 1256 1734 δέ
1285 1660 1338 1735 ότι

166 1769 361 1860 κήρυλλοι
387 1775 461 1861 (sio)
490 1767 590 1841 κατὰ
617 1778 852 1842 Παυσανίαν
881 1775 918 1842 έν
946 1769 1108 1841 ἀλκυόσιν
1136 1773 1169 1840 οἱ
1192 1769 1338 1862 ἄρσενες,

167 1881 202 1946 οἳ
222 1876 437 1967 γηράσαντές,
460 1899 572 1968 φησιν,
596 1875 663 1948 ὑπὸ
686 1889 758 1947 τῶν
781 1887 930 1969 θηλειῶν
953 1877 1177 1963 βαστάζονται
1186 1883 1221 1968 1).
1352 1899 1378 1940 1⁵

166 2146 258 2199 neque
286 2135 381 2185 tamen
409 2129 533 2184 omnibus
561 2130 708 2198 probatam
736 2130 821 2184 fuisse
851 2130 922 2183 Plut.
947 2146 991 2198 qu.
1011 2145 1102 2198 graec.
1121 2130 1157 2185 25
1181 2132 1274 2184 docet:
1304 2127 1337 2184 οὐ

166 2216 303 2274 πειστέον
325 2225 385 2282 τοῖς
406 2215 537 2289 λέγουσιν
559 2214 720 2289 ἀλιτηρίους
743 2221 904 2286 κεκλῆσθαι
927 2213 994 2281 τοὺς
1018 2213 1222 2288 ἐπιτηροῦντας
1245 2215 1276 2272 έν
1297 2221 1339 2290 τῷ

167 2307 244 2380 λιμῷ
262 2303 313 2362 τὸν
325 2303 448 2361 ἀλοῦντα
466 2309 516 2362 καὶ
529 2303 744 2378 διαρπάζοντας.
765 2307 800 2362 cf.
812 2307 885 2361 Plut.
899 2306 934 2360 de
947 2306 1045 2360 curios.
1061 2308 1102 2361 16.
1116 2310 1145 2360 et
1162 2307 1233 2361 Prol.
1247 2323 1274 2374 p.
1294 2308 1336 2360 22.

167 2395 581 2462 Schol.Dem.430‚13.Ddf.
610 2396 676 2451 Alia
699 2395 849 2464 explicatio
873 2412 927 2450 non
950 2399 1008 2448 tam
1032 2396 1129 2464 inepta
1151 2395 1291 2464 reperitur
1308 2395 1337 2448 in

166 2486 199 2540 B.
213 2487 247 2540 A.
259 2485 322 2554 377,
335 2487 360 2540 6.
388 2485 478 2540 Schol.
491 2488 540 2540 Ar.
553 2487 623 2540 Ach.
637 2486 697 2540 907.
717 2485 807 2540 Schol.
820 2487 869 2538 Ar.
882 2485 932 2552 Eg.
946 2485 1006 2538 415.

213 2575 256 2628 37.
278 2575 298 2641 ¹)
315 2573 422 2628 Eadem
441 2573 517 2629 Suid.
531 2570 697 2637 ἅλκυονίδες
716 2565 826 2643 ἡμέραι.
849 2567 878 2625 αί
893 2569 1034 2626 εὐδιειναί.
1055 2573 1122 2641 περὶ
1141 2573 1193 2627 τοῦ
1211 2567 1337 2641 ἀριθμοῦ

167 2659 361 2733 διαφέρονται.
389 2663 550 2731 Σιμωνίδης
576 2661 630 2730 μέν
657 2659 713 2732 γὰρ
738 2658 769 2716 έν
788 2656 970 2724 Πεντάθλοις
997 2655 1035 2713 ιδ’
1060 2663 1147 2728 φησίν
1170 2656 1269 2724 αὐτὰς,
1299 2655 1338 2724 ὡς

164 2748 354 2821 Ἀριστοτέλης
373 2746 404 2805 έν
422 2759 481 2814 τοῖς
501 2752 566 2820 περί
586 2745 668 2817 ζώων
683 2750 725 2817 (V.
740 2752 765 2814 8,
778 2751 815 2816 2),
837 2745 1008 2819 Δημαγόρας
1027 2745 1057 2802 δέ
1076 2743 1092 2802 ό
1112 2745 1223 2815 Σάμιος
1241 2745 1268 2816 ζ’
1287 2752 1337 2804 καί

171 2833 329 2909 Φιλόχορος
351 2839 396 2908 (fr.
410 2839 572 2905 laudunii.)
596 2834 639 2892 θ’.
658 2834 709 2892 τόν
729 2836 758 2892 δὲ
779 2835 877 2901 αὐταῖς
900 2841 996 2905 μῦθον
1010 2831 1202 2908 Ἡγήσανδρος
1226 2834 1257 2892 έν
1278 2845 1338 2902 τοῖς

166 2929 235 2998 περί
307 2921 508 2996 ὑπομνήμασιν
531 2925 608 2997 λέγει
628 2917 725 2991 οὕτως.
760 2927 829 2981 Turn
849 2929 1001 2982 Pausanias
1026 2924 1179 2992 αὐτολεξεί.
1219 2927 1336 2980 Conven.

166 3018 198 3072 Β.
212 3019 246 3071 A.
259 3018 320 3083 377,
339 3017 382 3071 26.
402 3017 445 3071 his
464 3015 577 3070 mutatis
592 3017 753 3084 Σιμωνίδης
772 3013 803 3071 έν
822 3012 995 3079 πεντάθλοις
1014 3009 1117 3070 ένδεκα
1135 3016 1227 3082 (immo
1247 3009 1284 3068 ιδ’
1301 3015 1335 3069 cf.

165 3106 271 3161 Naber.
290 3107 362 3160 Prol.
381 3123 408 3175 p.
429 3106 488 3160 141.
508 3106 609 3173 Bergk.
629 3106 693 3174 Lyr.
714 3107 776 3159 111⁴.
796 3123 822 3173 p.
842 3107 914 3169 392.)
933 3110 962 3159 et
980 3105 1030 3158 sub
1054 3103 1137 3158 finem
1160 3104 1259 3159 adicit:
1288 3106 1338 3158 καὶ

167 3186 286 3258 ἄλλως.
315 3183 359 3248 ότι
382 3189 498 3248 σίλκυιόν
521 3190 599 3248 έστιν
624 3187 699 3257 εἶδος
722 3189 825 3263 ὀρνέου
844 3189 875 3247 έν
894 3186 940 3246 dil
959 3187 1043 3260 κύον,
1067 3190 1216 3247 τουτέστιν
1235 3189 1266 3247 έν
1285 3195 1337 3246 θα-

166 3278 273 3351 λάσση,
297 3271 370 3338 dass
388 3284 437 3337 καί
456 3278 569 3336 ἀλκυὼν
588 3278 706 3351 ἐκλήθη.
735 3284 807 3350 φασί
831 3279 861 3336 δὲ
881 3270 924 3335 ότι
943 3276 1070 3348 κύματος
1087 3277 1133 3336 ἀεὶ
1151 3278 1338 3350 ἀφανίζοντας

167 3368 255 3439 αὐτῆς
272 3366 308 3424 τὰ
327 3367 370 3442 η’δι
388 3372 437 3424 καί
457 3367 505 3425 ἐπὶ
522 3365 596 3425 πολὺ
616 3363 702 3439 οὔσης
721 3365 843 3424 ἀτέκνου
863 3364 878 3423 ό
899 3366 970 3433 Ζεὺς
989 3365 1108 3439 ἐλεήσας
1127 3367 1214 3438 αὐτὴν
1233 3360 1338 3440 δίρισεν

166 3454 276 3531 ἡμέρας
289 3455 367 3522 τινὰς
382 3454 528 3522 εὐδιεινὰς,
548 3450 583 3522 δίς
595 3461 643 3512 καί
656 3462 792 3514 καλοῦσιν
804 3453 979 3522 ἁλκυονίδας.
1013 3460 1101 3527 Quam
1114 3459 1337 3528 explicationem,

166 3564 238 3618 quae
256 3548 400 3618 vulgarem
419 3550 453 3602 de
472 3548 569 3601 diebus
589 3548 743 3618 halcyoniis
759 3548 912 3602 doctrinam
926 3548 1050 3616 praebet,
1071 3548 1229 3616 (repetitam
1242 3548 1277 3601 ab
1292 3548 1337 3600 Et.

165 3639 204 3692 M.
219 3638 262 3706 66,
282 3639 324 3692 29.
344 3637 389 3690 Et.
405 3636 474 3690 Gud.
488 3638 531 3701 36,
551 3637 594 3691 25.
613 3637 658 3690 Et.
679 3636 771 3690 Orion.
787 3639 830 3704 13,
850 3639 875 3691 5.
894 3637 971 3705 Hes.)
990 3637 1085 3691 Nabar
1103 3637 1121 3688 l.
1140 3636 1157 3688 l.
1177 3636 1259 3689 Aelio
1271 3635 1337 3689 Dio-

166 3725 247 3795 nysio
266 3724 390 3779 tribuere
409 3725 510 3778 studet.
530 3755 566 3763 —
585 3725 658 3792 Quos
676 3730 734 3779 tres
754 3726 828 3779 locos
846 3725 893 3778 hic
912 3725 971 3778 illic
992 3727 1133 3793 corruptos
1153 3739 1212 3777 esse
1231 3727 1338 3777 certum

167 3819 219 3866 est.
249 3814 291 3866 Ac
310 3813 429 3881 primum
449 3814 523 3881 apud
541 3813 718 3867 Eustathium
738 3813 917 3881 corrigendus
936 3828 1065 3866 numerus
1085 3828 1103 3865 a
1116 3810 1255 3866 Simonide
1274 3828 1337 3880 pro·

166 3903 250 3970 latus,
262 3917 324 3956 eum
334 3901 501 3956 Aristoteles
511 3903 571 3970 ipse
583 3902 804 3969 quattuordecim
814 3902 874 3955 dies
884 3901 970 3954 fuisse
985 3900 1044 3954 dies
1058 3899 1217 3969 halcyonios
1231 3901 1336 3953 doceat.

167 3990 277 4045 Deinde
295 3989 462 4046 Simonidem
481 3990 559 4043 Enst.
578 4006 633 4043 non
651 3990 712 4058 ipse
732 3989 867 4058 inspexit,
888 3989 949 4053 sed,
974 3995 1005 4042 ut
1023 3987 1137 4041 Aristot.
1157 3987 1218 4055 ipse
1236 3988 1337 4041 iterum

166 4081 259 4144 docet,
277 4078 430 4134 Pausanias
448 4095 499 4133 sua
518 4095 553 4132 ex
571 4077 654 4133 anim.
670 4077 734 4132 hist.
752 4078 933 4146 deprompsit.
968 4076 1085 4130 Confusa
1104 4076 1159 4130 iam
1179 4075 1339 4145 episcopum

166 4167 269 4235 legisse
284 4184 319 4222 ex
332 4167 433 4233 verbis,
449 4183 521 4237 quae
533 4167 611 4221 nucis
624 4168 802 4231 seiunximus,
818 4155 863 4219 ότι
876 4163 907 4220 δὲ
920 4167 968 4219 καί
981 4160 1019 4217 ιδ’
1034 4162 1113 4230 εἰσιν,
1132 4158 1226 4236 έτεροι
1239 4163 1338 4236 λέγον·

167 4271 222 4319 σιν,
242 4267 367 4325 apparet.
396 4256 469 4312 Num
482 4255 629 4311 Simonidis
643 4255 741 4309 titulus
758 4251 789 4309 ἐν
804 4250 984 4318 Πεντάθλοις
1001 4254 1031 4308 in
1048 4253 1097 4308 illo
1110 4261 1238 4324 corrupto
1253 4253 1339 4310 πέντε

167 4345 256 4400 latet?
284 4344 353 4399 Tum
366 4360 467 4400 nomen
480 4345 587 4415 primae
600 4343 675 4399 filiae
690 4361 736 4413 ap.
752 4343 829 4399 Eust.
849 4343 969 4408 Φθονία,
984 4343 1059 4398 Suid.
1076 4344 1240 4407 Φοσθονία,
1260 4345 1290 4397 B.
1306 4346 1338 4398 A.
