3000 5040
820 278 885 347 246

270 436 465 527 κοσμάριον,
487 430 574 506 κατὰ
596 432 676 518 τοὺς
696 430 861 518 παλαιοὺς
883 437 1001 519 εἰπεῖν,
1023 428 1143 516 δτυῦς
1159 432 1365 522 πλοκάμους
1387 459 1443 505 πε-

270 547 377 632 ριέχει.
420 538 502 612 αὐτὸ
531 546 566 613 δὲ
594 546 675 625 ἴσως
701 539 765 613 οὐκ
793 544 831 612 ἐκ
857 552 916 630 τῆς
937 540 1100 632 καλάμης,
1127 537 1206 612 ἀλλ’
1225 542 1265 611 ἐκ
1287 540 1443 630 καλάμου

269 648 542 740 παρωνόμασται.
571 656 628 720 καὶ
649 645 689 719 τδ
713 647 829 731 ἁπλῶς
852 652 899 734 δέ,
921 666 1014 736 φασι,
1035 652 1185 739 θερίζειν
1208 643 1280 718 άπδ
1303 658 1364 739 τῆς
1387 642 1442 718 αδ

270 767 328 848 τῆς
350 757 497 848 καλάμης
520 766 735 846 καλαμᾶσθαι
757 760 895 846 λέγεται.

243 889 256 928 s
359 869 433 934 402.
465 869 638 934 Eustath.
656 890 687 952 p.
708 868 808 945 1835,
826 868 878 934 39.
910 861 951 935 τδ
975 868 1012 935 δὲ
1033 865 1123 955 γρηῒ
1144 865 1349 953 καμινοτῑ)
1373 864 1444 944 ἴσας

270 973 304 1042 oi
325 976 387 1061 μὲν
410 968 497 1042 κατὰ
518 968 559 1041 τὸ
581 970 776 1042 notuistis
794 992 908 1059 φασιν,
930 969 978 1054 ὡς
996 974 1033 1041 ἐν
1055 971 1258 1062 ῥητορικῷ
1282 974 1444 1062 δηλοῦται

271 1087 422 1170 λεξικῷ.
448 1081 579 1170 έτεροι
602 1083 644 1149 δὲ
665 1074 705 1149 τὸ
728 1082 791 1168 μὲν
813 1081 889 1169 γρηῒ
910 1074 965 1149 διὰ
987 1074 1027 1148 τὸ
1046 1075 1153 1168 ῥυσὸν
1168 1088 1233 1150 τοῦ
1249 1077 1443 1168 προσώπου

271 1186 377 1258 εἷπον.

360 1300 459 1365 402ε.
491 1297 665 1363 Eustatlu
683 1320 713 1382 p.
734 1297 833 1374 1402,
852 1297 903 1362 29.
940 1288 982 1362 To
1011 1296 1048 1362 δὲ
1075 1291 1283 1380 οἰνοχοεύειν
1312 1298 1373 1363 καὶ
1395 1295 1443 1362 οἰ-

233 1419 405 1492 1ονσχοεῑν
428 1396 470 1472 οὗ
491 1399 600 1489 μόνον
623 1411 743 1489 κιρνᾶν
766 1403 910 1489 λέγεται,
937 1395 1023 1469 ἀλλὰ
1045 1404 1103 1469 καὶ
1125 1399 1445 1492 ἐγκανάσσεινῑ),

274 1504 294 1579 δ’
317 1513 387 1580 έστι
410 1511 532 1597 έγχέειν
556 1508 662 1592 οἶνον,
686 1505 733 1589 ὡς
755 1501 794 1576 τδ
818 1511 886 1594 (Ar.
904 1510 963 1595 Eq.
984 1509 1063 1597 105)

565 1612 714 1704 ἄκρατον
737 1613 921 1703 ἐγκάναξόν
942 1641 1001 1702 μοι
1021 1613 1141 1684 πολύν.

274 1719 358 1796 ὅθεν
381 1728 439 1792 καὶ
456 1722 720 1812 κάναστρον’)
742 1721 910 1811 τρύβλιον,
933 1718 984 1803 σδς
1003 1723 1045 1791 ἐν
1066 1729 1224 1812 παλαιῷ
1247 1737 1359 1792 κεῖται
1376 1721 1443 1813 ῥη-

272 1838 422 1920 τορικῷ
445 1837 594 1919 λεξικῷ.

235 1954 261 1995 1⁶
361 1940 436 2006 403.
477 1940 649 2006 Eustath.
671 1962 702 2024 p.
728 1939 827 2016 1621,
849 1940 901 2005 40.
942 1939 1198 2027 κατηρεφέςῑ)
1226 1939 1263 2006 δὲ
1290 1945 1356 2006 νῦν
1384 1939 1446 2025 μὲν

275 2043 439 2134 σπήλαιον
461 2039 502 2114 τδ
526 2045 756 2131 έσκιασμένον,
778 2045 885 2114 οἱονεὶ
906 2037 1026 2133 δρόφῳ
1046 2056 1120 2125 ταῖς
1138 2042 1296 2131 δάφναις·
1319 2039 1390 2136 πρὸ
1410 2048 1446 2115 δὲ

274 2149 408 2221 τούτων
427 2161 515 2239 κῦμα
535 2151 599 2242 ἔφη
618 2155 649 2241 (ε
667 2155 747 2242 368)
766 2153 952 2242 κατηρεφὲς
959 2153 987 2242 ¹)
1004 2144 1045 2221 τὸ
1064 2150 1221 2239 καλύψαν
1238 2150 1304 2242 τήν
1321 2177 1359 2221 τε
1376 2171 1445 2241 σχε-

276 2262 352 2329 δίαν
375 2253 515 2328 καὶτὸν
538 2255 700 2329 Ὀδυσσέα.
729 2259 770 2328 ἐν
794 2261 835 2328 δὲ
858 2257 1059 2350 ῥητορικῷ
1081 2265 1224 2349 λεξικῷ
1246 2263 1306 2328 καὶ
1327 2285 1445 2350 κατη-

275 2368 392 2457 ρεφὲς
415 2368 597 2457 οἴκημαῧ)
620 2368 750 2454 λέγεται
772 2361 812 2436 τὸ
834 2364 1008 2436 ταπεινόν.

235 2488 263 2530 ²⁰
364 2477 439 2544 404.
471 2475 645 2544 Eustath.
663 2498 693 2562 p.
714 2476 809 2555 1282,
827 2477 879 2542 47.
911 2475 1049 2563 φέρεται
1068 2475 1180 2544 δὲκαὶ
1201 2482 1345 2544 τοιαῦτα
1366 2476 1447 2563 περὶ

356 2678 593 2687 -0-—n--m

277 2820 375 2894 ρννεία
392 2818 494 2890 oppido
513 2817 612 2890 Cyprio
631 2818 742 2873 ductum
761 2819 815 2887 (ap.
835 2817 901 2873 Hes.
917 2833 938 2873 s.
953 2835 978 2874 v.
997 2813 1101 2873 κάπια·
1128 2812 1164 2874 roi
1182 2813 1323 2889 σκόροδα·
1352 2820 1447 2891 Κερυ-

277 2913 317 2979 νῆ
322 2927 369 2964 ται
388 2909 540 2978 seriptum),
560 2906 744 2977 suspicionem
757 2912 856 2974 mosot,
875 2922 937 2964 oum
954 2906 1071 2963 formam
1091 2902 1285 2980 Κερυναιάτης
1303 2908 1350 2964 val
1367 2908 1446 2965 simi·

277 2998 317 3056 lia
336 3002 475 3067 expectes.
503 2997 546 3051 Ex
565 2997 649 3052 Arist.
668 2998 695 3053 lu
714 3012 758 3052 au.
777 2996 811 3051 V.
824 2998 867 3053 30.
899 2996 1055 3068 Cyrenaeos
1073 2998 1109 3052 de
1128 2996 1232 3054 oieadis
1249 2996 1340 3053 multa
1356 2997 1446 3055 nadi-

278 3087 353 3145 disse
366 3089 482 3142 constat.
511 3085 712 3156 Cyrenaeorum
730 3101 810 3142 vocas
829 3085 865 3142 ab
877 3087 926 3143 Ar.
939 3087 1015 3159 Byr,
1035 3103 1117 3156 quem
1135 3085 1240 3143 fontem
1257 3087 1447 3145 atticistarum

276 3174 312 3234 tr.
331 3178 374 3233 87.
393 3174 478 3230 fuisse
497 3173 623 3244 uidimus,
642 3176 753 3245 saepius
772 3177 928 3231 laudantur.
957 3177 1023 3232 ideo
1043 3176 1198 3248 Κορηνῖται
1215 3175 1342 3245 restituo,
1360 3192 1447 3247 qaam

278 3265 353 3322 vocis
372 3263 488 3320 formam
506 3264 600 3333 Steph.
620 3265 684 3335 Byz.
704 3281 725 3321 s.
744 3282 769 3321 v.
788 3269 889 3321 tuetur.

322 3355 383 3410 402.
411 3351 593 3422 Subsequitur
611 3352 645 3408 fr.
664 3355 725 3410 227.

368 3444 389 3510 ¹)
407 3441 448 3498 cf.
467 3442 531 3497 Hes.
551 3458 572 3497 s.
591 3460 616 3497 v.
635 3451 757 3510 καμινοῖ,
776 3440 846 3514 γρηῒ
860 3449 983 3510 καμινοῖ.

323 3533 406 3589 eota.
425 3534 447 3601 ¹)
466 3530 508 3587 cf.
527 3531 602 3588 Suid.
622 3533 686 3588 Hes.
705 3533 751 3589 Et.
770 3534 809 3588 M.
828 3533 889 3599 310,
908 3535 933 3589 1.
952 3533 1042 3589 Schol.
1063 3536 1110 3590 Ar.
1129 3533 1179 3603 Ες.
1198 3533 1217 3588 1.
1236 3531 1254 3586 l.

368 3622 491 3689 ⁹)00uv.
510 3621 588 3676 Phot.
607 3621 672 3677 Hes.
693 3621 746 3688 Oi,
772 3637 843 3691 quae
864 3621 933 3677 Poll.
952 3622 986 3676 X.
1006 3622 1054 3688 85,
1073 3624 1116 3679 39.
1141 3624 1222 3678 docte
1244 3621 1280 3677 de
1302 3618 1355 3678 illa
1376 3638 1448 3679 noea

280 3711 414 3783 exposuit,
433 3711 506 3767 uude
524 3709 641 3767 fortasse
661 3710 782 3767 afficitur
801 3711 886 3767 etiam
904 3705 1031 3777 κανάξας
1048 3728 1092 3781 ap.
1110 3711 1185 3781 Hes,
1204 3717 1380 3782 καναστρεῖα
1399 3728 1446 3783 ap.

279 3803 354 3859 snio.
373 3802 418 3858 Et.
438 3801 476 3856 M.
495 3801 557 3870 489,
577 3801 619 3858 46.
640 3818 675 3857 ox
694 3801 790 3856 eodem
809 3799 885 3856 fonto
902 3799 1071 3870 provenisse.

323 3892 384 3948 403.
405 3893 425 3959 ²)
444 3889 484 3946 Oi.
504 3891 582 3959 1165,
601 3891 645 3959 52,
664 3889 698 3946 of.
716 3895 772 3946 not.
792 3891 817 3946 3.
838 3890 874 3946 ad
892 3889 925 3945 fr.
945 3891 1005 3947 231.

369 3981 390 4048 ⁹)
409 3979 449 4036 cf.
469 3997 495 4050 p.
516 3981 655 4046 153915.

369 4069 390 4140 ⁸)
408 4070 492 4126 Plura
510 4069 624 4125 exhibet
641 4071 707 4126 Hes.
726 4066 893 4141 κατηρεφὲς.
921 4066 1198 4141 κατεστεγασμένον.
1225 4068 1329 4141 κυρίως
1347 4067 1378 4124 δὲ
1399 4065 1450 4127 ἐπὶ

280 4162 338 4215 τῶν
355 4162 498 4215 ταπεινῶν
517 4162 628 4230 στεγῶν
646 4157 832 4232 κατηρεφέας.
856 4155 883 4215 οὶ
902 4157 932 4215 δὲ
951 4156 1066 4232 πέτρας.
1089 4160 1169 4215 Unde
1183 4159 1261 4216 Phot.
1280 4157 1356 4215 snio.
1375 4159 1448 4217 Lex.

281 4249 392 4306 Baohm.
411 4249 473 4318 273,
491 4249 527 4304 30
545 4251 722 4304 vehementer
740 4252 882 4306 eontracta
900 4265 960 4305 esse
978 4252 1101 4320 apparet.

324 4337 385 4394 404.
414 4337 505 4393 Maior
522 4341 637 4409 propter
654 4337 790 4396 iunonem
809 4337 952 4396 formulam
966 4337 1066 4395 omisit.
1093 4338 1285 4396 Pausaniae
1303 4353 1370 4394 uero
1382 4353 1448 4395 esse

282 4434 388 4486 eertum
408 4433 458 4496 ost,
477 4426 512 4483 ef.
532 4427 565 4483 ir.
585 4428 645 4483 143.
