3000 5040
178 1104 205 1166 1.
228 1102 401 1166 Eustath.
419 1125 449 1184 p.
472 1102 566 1177 1854,
588 1104 636 1166 16.
661 1100 695 1166 ai
713 1109 796 1186 γοῦν
816 1104 962 1187 θρεπταὶ
985 1115 1055 1179 τοῖς
1079 1101 1258 1182 δεσπόταις

87 1211 205 1274 δοῦλαι
230 1247 270 1256 -
295 1201 394 1293 όβραι
417 1209 451 1294 (l.
476 1200 606 1294 ἅβραι)
632 1205 808 1292 λεγόμεναι
836 1208 983 1285 ἐθνικῶς
1010 1220 1138 1274 κεῖνται
1165 1203 1258 1295 παρὰ

85 1328 158 1392 τοῖς
174 1305 336 1400 Ἕλλησιν.
370 1314 568 1400 Μένανδρος
592 1315 645 1400 (fr.
669 1315 744 1380 520.
768 1316 880 1399 Kook.)

373 1421 489 1506 τρέφει
510 1417 665 1508 παλλακή
688 1445 739 1498 τις
761 1428 823 1486 τοῦ
846 1413 974 1506 πατρός

247 1519 350 1606 αὐτὰς
373 1521 458 1613 όβρα
480 1535 538 1614 τῆς
559 1520 683 1614 μητρός
707 1521 822 1593 αὐτῶν
844 1529 1016 1613 γενομένη.
1285 1547 1297 1587 5

86 1633 158 1698 ἐστὶ
182 1633 218 1699 δὲ
242 1625 328 1718 ἅβρα
350 1626 450 1699 κατὰ
468 1636 700 1700 Παυσανίαν
723 1628 743 1721 ἡ
768 1630 958 1719 σύντροφος
976 1637 1033 1698 καὶ
1050 1628 1142 1719 παρὰ
1163 1649 1257 1719 χεῖρα

84 1735 289 1824 θεράπαινα,
312 1731 332 1826 ἣ
355 1743 413 1806 καὶ
432 1737 590 1827 οἰκότριψ
609 1737 850 1827 παροξυτόνως
868 1731 947 1806 κατ’
961 1740 1104 1806 Αἴλιον
1120 1739 1257 1807 Διονύ-

87 1864 178 1912 σιον
202 1849 259 1912 καὶ
282 1844 414 1931 ἔντιμος
423 1850 459 1933 1).

177 1955 206 2019 2.
238 1954 411 2021 Eustath.
433 1977 463 2038 p.
487 1955 566 2030 357,
588 1956 614 2018 1.
647 1954 760 2019 ἰστέον
784 1954 820 2019 δὲ
844 1956 900 2018 καὶ
923 1947 977 2020 ότι
1000 1946 1039 2020 τὸ
1066 1948 1257 2039 bradam)

83 2053 229 2145 ὕστερον
262 2059 318 2125 snt
351 2056 569 2143 συκοφάντου
598 2059 699 2146 ἐτέθη
726 2067 959 2145 παροιμιακοῖς
992 2053 1047 2126 διὰ
1074 2053 1114 2125 τό
1144 2062 1257 2125 δοκεῖν
1272 2080 1298 2119 10

136 2292 160 2344 1.
180 2291 201 2357 ¹)
219 2291 310 2344 Multo
333 2289 462 2344 uberiora
484 2289 558 2344 Suid.
581 2278 683 2360 ἅβρα·
713 2282 779 2343 crisa
802 2284 818 2359 ἡ
843 2284 941 2353 ἁπλαῖς
964 2284 1128 2359 θεράπαινα
1151 2281 1216 2342 οὔτε
1240 2283 1256 2357 ἢ

86 2371 235 2448 εὔμορφος
253 2374 418 2449 θεράπαινα
436 2375 560 2449 λέγεται,
584 2374 649 2432 ἀλλ’
669 2376 805 2448 οἰκότριψ
823 2374 957 2451 γυναικὸς
975 2373 1047 2448 κόρη
1066 2380 1115 2432 καὶ
1136 2370 1255 2444 έντιμος,

85 2461 146 2521 εἴτε
165 2463 314 2537 οἰκογενὴς
333 2461 391 2522 εἴτε
409 2463 457 2536 μή.
483 2464 652 2537 Μένανδρος
674 2469 871 2537 Ψευδηρακλεῖ
887 2466 930 2533 (fr.
944 2469 1005 2522 520.
1018 2467 1114 2533 Kockl.

176 2551 269 2626 μήτηρ
287 2553 412 2625 τέθνηκε
431 2564 494 2611 ταῖν
513 2552 651 2625 ἄδελφαῖν
669 2563 732 2610 ταῖν
751 2558 828 2610 δυοῖν

175 2639 301 2707 ταύταιν,
320 2641 420 2715 τρέφει
439 2642 469 2699 δέ
489 2640 618 2713 παλλακή
638 2662 679 2709 τις
697 2647 750 2700 τοῦ
768 2641 876 2714 πατρὸς

176 2730 271 2798 αὐτὰς,
290 2721 366 2805 όβρα
385 2737 434 2801 τῆς
452 2730 558 2804 μητρὸς
577 2729 671 2788 αὐτῶν
689 2731 830 2804 γενομένη

83 2825 135 2877 καὶ
154 2823 304 2895 Σικυωνίῳ
323 2822 365 2887 (fr.
378 2823 432 2878 438
450 2823 539 2882 Kockl

471 2900 563 2982 όῖβραν
581 2909 637 2982 γὰρ
656 2907 873 2979 ἀντωνούμενος

177 2997 325 3072 ἐρωμένην
343 2997 431 3070 ταύτῃ
450 3000 504 3068 μὲν
524 2997 558 3055 οὐ
577 2996 723 3071 παρέδωκ’
745 2995 820 3070 ἔχειν

176 3087 293 3160 τρέφειν
311 3087 343 3143 δέ
359 3093 455 3162 χωρὶς,
476 3083 514 3154 ὡς
535 3087 677 3164 ἐλευθέρᾳ
696 3087 809 3160 πρέπει.

176 3173 309 3232 ἄπιστον·
330 3171 419 3251 ᾤμην,
440 3177 467 3233 εἰ
484 3175 518 3234 τὸ
536 3179 656 3248 χρυσίον
674 3173 757 3249 λάβοι

175 3262 356 3336 θεράπαιναν
375 3263 462 3331 εὐθὺς
480 3264 681 3338 ἠγορασμένην
700 3257 793 3338 ἅβραν

176 3348 305 3410 ἔσεσθαι.
327 3355 371 3421 (cf.
384 3357 458 3411 Men.
471 3355 505 3410 fr.
520 3357 561 3412 64.
575 3356 664 3423 Kock)

83 3443 222 3513 (sequitur
239 3445 316 3498 locus
335 3459 369 3498 ex
383 3445 535 3500 Iamblicho
554 3445 667 3513 petitus,
686 3461 769 3512 quem
783 3444 857 3500 Suid.
872 3447 906 3498 de
926 3461 975 3499 sno
989 3446 1110 3511 adiecit),
1142 3445 1200 3512 Quo
1220 3460 1256 3497 ex

83 3535 144 3588 loco
164 3533 258 3587 statim
282 3533 384 3600 disces,
404 3534 494 3588 locum
515 3549 549 3588 ex
567 3535 716 3588 Menandri
735 3534 939 3588 Pseudhercule
958 3534 1091 3602 petitum,
1117 3533 1165 3601 qui
1183 3534 1257 3601 apud

83 3623 162 3676 Eust.
174 3625 321 3690 utramque
334 3623 452 3690 glossam
462 3622 627 3690 praecurrit,
641 3637 675 3676 ex
686 3622 767 3676 Aelio
776 3622 909 3692 Dionysio
922 3621 1043 3676 fluxisse.
1063 3621 1169 3675 Eadem
1182 3622 1211 3673 B.
1224 3621 1255 3672 A.

84 3711 202 3771 32213.
222 3709 283 3764 sine
306 3711 374 3764 locis
398 3710 586 3765 Menandreis.
625 3710 781 3765 Pausaniae
805 3711 959 3764 doctrinam
981 3709 1086 3777 repetit
1103 3710 1134 3762 B.
1149 3711 1181 3762 A.
1195 3709 1256 3772 322,

86 3801 128 3852 12.
147 3799 251 3853 Ambos
269 3799 393 3852 confodit
411 3799 455 3854 Et.
469 3801 506 3853 M.
520 3800 545 3864 4,
559 3800 602 3852 22.
622 3799 698 3854 Aelii
711 3799 838 3868 Dionysii
856 3799 1071 3866 explicationem
1084 3796 1159 3850 vocis
1173 3785 1255 3866 ἅβρα.

86 3882 220 3958 οἰκότριψ
239 3888 455 3955 Aristophanem
474 3888 638 3956 Byzantium
661 3888 788 3942 redolere
812 3887 904 3941 disces
929 3902 963 3940 ex
985 3886 1056 3939 Mill.
1075 3885 1140 3940 Mel.
1155 3902 1180 3954 p.
1194 3885 1256 3952 434,

84 3977 214 4030 Eustath.
227 3977 306 4041 1327,
319 3977 354 4029 22
374 3977 449 4041 (Hes.
464 3993 485 4030 s.
499 3994 523 4030 v.
538 3973 683 4046 οἰκότριψ)
703 3975 737 4030 cl.
750 3977 858 4030 Nauck.
872 3978 920 4028 Ar.
935 3976 999 4044 Byz.
1013 3991 1039 4042 p.
1055 3975 1114 4028 196.

131 4066 155 4118 2.
176 4066 198 4130 ¹)
217 4065 291 4133 Quas
315 4065 421 4133 glossas
445 4081 540 4119 omnes
564 4064 695 4118 atticistis
719 4064 816 4118 deberi
834 4063 900 4117 inde
919 4069 1049 4132 apparet,
1075 4064 1147 4130 quod
1166 4064 1257 4131 glossa

54 4166 58 4180 '
83 4148 265 4221 ἄβυδοκόμης
288 4169 350 4207 cum
372 4153 465 4208 verbis
487 4154 643 4208 Pausaniae
668 4150 819 4215 αστολεξεὶ
842 4152 936 4205 allatis
960 4152 1032 4220 apud
1052 4152 1082 4204 B.
1096 4153 1128 4205 A.
1142 4153 1208 4218 322,
1222 4153 1255 4205 31

85 4241 213 4308 recurrit,
233 4243 326 4310 glossa
341 4234 453 4312 Ἄβυδος
467 4245 521 4308 (vel
537 4235 648 4311 Ἄβυδός
661 4237 739 4295 ἐστιν
752 4239 788 4295 cf.
800 4241 926 4309 Apostol.
941 4242 962 4295 I.
975 4243 1002 4307 2)
1015 4256 1079 4295 vero
1093 4257 1154 4295 cum
1167 4241 1257 4310 glossa

83 4325 268 4401 ἅβυδοκόμας
289 4331 437 4386 coniuncta
454 4331 573 4386 iteratur
591 4332 666 4400 apud
685 4332 716 4386 B.
731 4332 765 4386 A.
779 4332 840 4399 215,
854 4332 878 4385 6.
892 4330 966 4386 Suid.
