3000 5040
649 241 713 307 999

179 400 255 468 354.
285 401 458 468 Eustath.
477 423 507 486 p.
528 398 627 479 1095,
651 403 679 469 8.
713 401 816 488 δῆλον
844 402 880 469 δὲ
908 393 962 470 ὅτι
988 409 1052 470 τοῦ
1080 396 1261 490 οἷναβεβρυ-

86 508 184 596 χέναι
205 504 378 596 λειότερον
400 500 440 574 τὸ
465 500 661 591 οἷναβλύζειν
690 507 789 575 ἐστίν.
833 501 916 576 αὐτὸ
947 510 982 576 δὲ
1009 513 1064 577 καὶ
1094 505 1261 595 ἀναβλα-

89 619 294 704 reusam)
318 614 457 701 λέγεται,
480 608 527 695 ὡς
550 615 586 682 ἐν
609 613 807 704 ῥητορικῷ
830 609 993 706 εὕρηται
1015 623 1168 706 λεξικῷ.

183 724 257 792 355.
289 723 462 790 Eustath.
481 747 511 809 p.
533 725 632 801 1991,
651 724 702 790 35.
740 717 928 813 ἄνανταῑ)
958 726 993 791 δὲ
1020 719 1062 792 τὰ
1089 724 1263 815 προσάντη

92 834 150 899 καὶ
163 825 333 920 ἀνωφερῆ.
356 827 567 918 κάτανταλ)
583 831 618 897 δὲ
636 823 678 897 τὰ
697 840 887 919 καταφερῆ.
912 829 1130 922 πάρανταθ)
1151 835 1197 916 δὲ,
1216 830 1263 913 ὡς
1289 857 1302 896 ⁵

90 939 130 1008 ἐν
146 937 346 1029 ῥητορικῷ
364 950 471 1006 κεῖται
489 944 645 1025 λεξικῷ,
663 936 789 1026 πλάγια
808 935 1003 1028 ἓτεροκλινῆ
1021 933 1263 1028 ἢπροσοόμαλα

88 1049 149 1116 καὶ
169 1043 308 1136 γήλοφα.
335 1042 474 1132 δόχμια
498 1047 534 1113 δὲ
556 1039 598 1112 τὰ
620 1043 754 1132 πλάγια.

180 1155 254 1221 356.
291 1155 467 1221 Eustath.
490 1177 520 1239 p.
547 1155 646 1232 1667,
670 1155 721 1220 64.
759 1153 796 1221 ἐν
826 1154 862 1220 δὲ
894 1152 1092 1241 ῥητορικῷ
1120 1161 1262 1243 λεξικῷ

89 1254 225 1350 εὕρηται
248 1263 445 1328 καὶταῦτα·
470 1254 661 1348 Ἄορνοςῖ)
685 1253 783 1348 λιμὴν
806 1263 884 1347 περὶ
911 1264 1103 1350 Τυρσηνίαν.
1145 1266 1203 1329 καὶ
1226 1263 1262 1330 ἐν

88 1367 187 1455 Κύμη
212 1368 262 1451 δέ,
290 1385 398 1456 φησι,
425 1376 466 1453 τῇ
491 1370 678 1452 Χαλκιδικῇ
695 1362 828 1453 Ἄορνος
851 1371 964 1455 λίμνη,
990 1371 1067 1455 περὶ
1090 1359 1132 1456 ἣν
1154 1394 1301 1454 nepe-10

88 1474 205 1544 κότοον
236 1481 375 1544 πολλῶν
407 1477 559 1562 δένδρων
590 1475 693 1563 μηδὲν
724 1483 796 1541 τῷν
825 1468 1093 1543 ἅποτιιτττόντων
1121 1473 1261 1560 φύλλων

88 1583 267 1670 ἐμπίπτειν
286 1583 332 1663 εἷς
355 1576 468 1671 αὐτήν.
494 1579 580 1649 εἶναι
604 1583 640 1650 δὲ
660 1585 718 1649 καὶ
737 1596 998 1668 νεκυομαντεῖον
1018 1583 1096 1665 ἐκεῖ,
1121 1576 1261 1668 [ταύτὸν

89 1691 128 1759 δὲ
152 1689 260 1758 εἰπεῖν
281 1687 559 1777 ψυχοπόμπιονλ)
583 1683 683 1756 κατὰ
705 1682 777 1757 τὸν
799 1687 1021 1777 γράψαντα,
1045 1682 1098 1757 ὅτι
1117 1688 1187 1757 ἔστι
1205 1696 1262 1759 καὶ

87 1797 129 1866 ἐν
142 1801 331 1876 Μολοττοῑς
343 1794 595 1884 ψυχοπόμτιιον,
615 1789 700 1864 ὅθεν
715 1799 793 1864 θεοὶ
802 1800 1009 1864 Μολοττικοὶ
1024 1796 1057 1864 οἱ
1072 1797 1109 1864 ἐν
1122 1795 1260 1884 τούτῳ]

180 1905 254 1973 357.
292 1905 619 1990 Eustath.p.952‚
647 1905 696 1971 10.
734 1905 829 1970 δοκεῖ
854 1904 890 1970 δὲ
917 1897 1081 1985 Αἰολικὸν
1110 1901 1194 1972 εἶναι
1220 1899 1259 1972 τὸ
1276 1929 1300 1968 15
1392 1907 1399 1918 ‘

88 2017 229 2094 σκῦλον,
254 2005 301 2091 ὡς
319 2015 475 2096 φαίνεται
494 2011 535 2078 ἐν
558 2009 758 2100 ῥητορικῷ
782 2017 940 2098 λεξικῷ,
964 2011 1000 2078 ἐν
1019 2013 1047 2099 ῷ
1066 2025 1183 2094 κεῖται,
1206 2015 1263 2078 καὶ

87 2111 146 2189 ὅτι
173 2112 535 2206 ἄκοσκολύτιτεινῑ)
563 2110 603 2184 τὸ
632 2110 788 2204 ἀφαιρεῖν
815 2111 855 2184 τὸ
885 2118 998 2204 δέρμα,
1026 2110 1111 2185 ὅθεν
1138 2121 1195 2184 καὶ
1221 2110 1261 2185 τὸ

87 2224 266 2296 σκυλεύειν
287 2233 530 2314 μεταφορικῶς.

180 2336 254 2403 358.
286 2335 458 2401 Eustath.
477 2358 506 2419 p.
528 2334 623 2415 1156,
644 2334 693 2398 17.
725 2325 745 2420 ἦ
771 2332 806 2398 δὲ
829 2325 952 2418 ἄρκτος
976 2324 1028 2399 ὅτι
1049 2326 1133 2418 μετὰ
1156 2339 1261 2399 τοῦτ

85 2441 229 2529 λέγεται,
249 2444 363 2529 δηλοῖ
380 2433 398 2508 ὃ
417 2437 568 2529 γράψας
587 2431 724 2519 οὕτως·
749 2433 913 2526 ἄρκτὸν,
932 2434 1006 2526 οὐχὶ
1024 2434 1131 2526 ἄρκον
1142 2442 1177 2525 ¹).
1197 2433 1259 2506 τὸν
1273 2462 1300 2501 ao

84 2550 205 2638 μέντοι
232 2543 358 2635 ἄνεμον
387 2543 468 2616 ἄνευ
494 2557 557 2615 τοῦ
588 2573 609 2615 τ
640 2540 840 2634 οἷπαρκὶαν
869 2541 923 2615 διὰ
950 2541 990 2614 τὸ
1019 2542 1177 2631 εὔφωνον
1203 2548 1260 2613 καὶ

137 2874 197 2930 354.
217 2875 240 2941 ¹)
259 2872 348 2928 Multo
366 2873 448 2943 plura
466 2890 509 2942 ap.
529 2873 613 2940 Suid.,
634 2873 682 2942 qui
700 2870 863 2942 Eupolidem
882 2874 982 2925 testem
1001 2869 1116 2925 adhibet
1133 2869 1177 2942 (fr.
1197 2872 1259 2927 105.

88 2963 191 3033 Kock).
221 2961 261 3018 Oi.
280 2963 325 3018 Et.
345 2963 383 3018 M.
403 2963 463 3028 900,
482 2964 525 3017 54.
544 2963 609 3016 Ηεε.

135 3053 196 3108 355.
217 3051 257 3108 cf.
276 3052 348 3108 Prol.
372 3069 399 3122 p.
424 3053 466 3107 17.
495 3051 685 3106 Pausaniae
709 3050 893 3119 fragmentum
917 3052 972 3115 est,
997 3049 1031 3104 cf.
1056 3048 1089 3103 fr.
1114 3051 1187 3117 136„
1211 3049 1259 3105 ubi

86 3143 170 3198 Paua.
190 3137 293 3212 δόχμια
311 3137 347 3196 τὰ
360 3135 467 3212 πλάγια
482 3141 667 3211 explicantem
682 3141 782 3196 habes:
803 3133 951 3205 αὐτολεξεί
968 3139 1088 3195 recurrit
1104 3155 1149 3210 ap.
1162 3139 1207 3194 Et.
1220 3139 1259 3194 M.

89 3233 136 3297 98,
155 3232 197 3287 95.

179 3322 201 3388 ¹)
219 3321 326 3376 Eadem
344 3321 410 3376 Hes.
430 3320 504 3376 Suid.
524 3322 554 3374 B.
574 3322 607 3375 A.
626 3321 688 3388 391,
707 3320 743 3375 95
761 3309 876 3373 ἄναντα.
897 3311 1025 3383 ἆναντές.

181 3411 203 3481 ²)
222 3411 304 3466 conv.
322 3411 401 3465 Phot.
421 3411 494 3465 Suid.
515 3411 580 3464 Hes.
601 3410 636 3478 gl.
656 3411 681 3462 9.
704 3409 771 3463 Lex.
791 3408 904 3463 Bachm.
924 3408 985 3476 970,
1006 3409 1047 3463 17.

180 3499 202 3565 ⁸)
220 3499 310 3556 Schcl.
329 3500 408 3554 Hom.
433 3501 461 3553 Ψ
477 3500 537 3553 117.
556 3499 621 3554 Hes.

135 3590 197 3646 356.
218 3591 238 3659 ¹)
258 3589 338 3645 conv.
358 3590 403 3644 Et.
422 3589 460 3643 Μ.
480 3589 540 3653 115,
559 3589 603 3644 59.
626 3589 657 3642 Β.
677 3591 710 3643 A.
729 3588 791 3656 413,
810 3589 853 3643 31.
878 3587 937 3658 (qui
955 3588 991 3642 ad
1009 3587 1091 3658 Soph.
1110 3589 1259 3658 provocat),

90 3679 126 3734 ci.
146 3680 213 3735 Hes.
233 3694 253 3733 s.
273 3696 298 3733 v.
317 3679 392 3734 Suid.
412 3677 501 3734 Schol.
523 3679 571 3732 Ar.
590 3678 660 3732 Rau.
680 3677 740 3731 475.

183 3767 204 3835 ¹)
223 3769 315 3824 Verba
335 3768 413 3822 uncis
427 3766 535 3822 inclusa
554 3782 598 3835 ap.
611 3766 822 3837 lexicographos
835 3767 941 3822 desunt.
970 3767 1100 3821 Fortasse
1118 3766 1259 3835 pertinent

89 3858 127 3913 ad
145 3855 228 3911 finem
247 3856 313 3912 libri
334 3857 393 3912 VII.
413 3856 504 3911 Strab.
525 3855 708 3924 deperditum.
1120 3862 1121 3865 ’
1234 3858 1241 3872 “

134 3946 195 4003 357.
214 3947 236 4010 ¹)
255 3945 294 4000 (11.
315 3947 345 4000 Β.
365 3947 398 3999 A.
418 3947 483 4009 435,
504 3945 547 3999 94.
571 3945 635 3998 Hes.
655 3961 675 3999 s.
695 3962 718 3999 v.
739 3941 949 4000 ἄκοσκόλνιιτε.
977 3945 1008 3999 Β.
1028 3946 1060 3999 A.
1081 3943 1146 4008 493,
1166 3945 1190 3997 1.
1214 3942 1258 3997 Et.

90 4034 637 4103 Mffistmffimssffi

135 4125 197 4180 358.
218 4125 239 4192 ¹)
257 4124 302 4180 Ad
319 4125 373 4179 lex.
392 4125 464 4178 rhet.
483 4123 673 4191 referendum,
693 4123 727 4178 cf.
748 4123 780 4178 ir.
801 4124 852 4186 73,
872 4123 920 4178 ubi
939 4123 998 4178 iere
1018 4122 1115 4177 eadem
1134 4120 1260 4176 doctriua

93 4212 221 4268 recurrit.
250 4213 352 4269 Nostra
363 4213 485 4282 repetita
503 4219 531 4267 et
550 4212 579 4267 in
598 4213 682 4268 breve
702 4216 844 4268 contracta
863 4213 932 4282 legis
952 4213 1026 4282 apud
1044 4214 1075 4266 B.
1088 4215 1121 4267 A.
1141 4211 1259 4279 445,14.

93 4303 162 4357 Cum
181 4303 232 4358 sub
251 4302 334 4358 finem
353 4303 387 4357 de
406 4293 503 4370 ἅμαξα
522 4303 637 4372 eiusque
656 4296 776 4371 ψιλώσει
789 4306 896 4371 agatur,
915 4303 1048 4358 Aelium
1063 4300 1259 4372 Dionysium

92 4397 234 4450 auctorem
252 4391 328 4449 illius
346 4391 432 4449 lexici
450 4392 583 4450 rhetorici
601 4392 687 4449 tuisse
705 4390 838 4464 suspicor,
857 4390 893 4448 ci.
911 4390 946 4447 tr.
965 4393 1026 4448 918.
