3000 5040
826 261 890 327 190

266 418 389 506 τρόποι
412 422 469 485 καί
492 421 624 504 λίγδος
647 412 739 504 παρὰ
758 419 884 505 Αἰλίῳ
908 421 1105 505 Διονυσίῳ
1124 410 1143 486 ὁ
1160 425 1284 505 χαῦνος,
1305 420 1386 505 περὶ
1403 406 1444 484 ού

268 529 308 594 ἐν
333 525 453 613 ἑτέρῳ
477 525 677 614 ῥητορικῷ
702 531 842 612 λεξικῷ
865 523 1063 612 γρύφεταιῐ)
1085 527 1143 592 καί
1166 516 1220 592 ὅτι
1244 527 1358 611 Mysios
1377 550 1442 610 χω-

268 637 340 700 νεία
355 625 488 719 ύλοιῳή.
513 635 569 698 καὶ
588 634 709 717 λίγθοι·
727 629 947 720 χωνευτήρια,
963 629 1081 718 χύανα,
1100 629 1321 718 νομισμάτων
1334 629 1442 700 omo

267 759 382 818 πωοις.
409 739 449 805 ἐν
469 734 573 824 ἄλλῳ
598 739 644 819 δέ,
668 731 721 806 ὅτι
743 741 890 826 nysae)
907 747 1018 824 χώνος
1035 735 1186 826 τρήματα
1205 735 1295 824 ἔχων
1314 746 1443 824 συνεχῆ,

241 843 484 933 ὑπαραπλὴσια
506 853 556 931 τῳ
579 848 614 926 Δ,
639 838 685 911 δι’
708 835 758 912 ὧν
779 838 902 930 χαλκὸς
926 839 1076 912 ούθεϊται.

357 955 430 1018 250.
463 953 636 1018 Eustath.
659 975 689 1036 p.
713 953 793 1028 421,
818 953 870 1020 28.
903 955 960 1018 καί
987 954 1138 1039 λίνονὶ)
1167 952 1203 1018 δὲ
1230 943 1295 1039 τὴν
1320 943 1442 1038 χορδὴν

268 1061 375 1146 λέγειν
399 1058 530 1125 ἐκτῶν
554 1051 724 1124 ἀνέκαθεν
748 1057 794 1136 είς
816 1051 896 1138 τούς
920 1050 1061 1144 ύστερον
1079 1046 1234 1146 καθήκοι.
1258 1054 1365 1124 πάλαι
1382 1053 1440 1143 γάρ

268 1190 352 1233 ποτε
377 1167 472 1232 δοκεῖ
492 1165 626 1244 λινέας
650 1161 734 1231 εἶναι
758 1156 816 1242 τὰς
838 1157 1001 1250 μουσικὰς
1020 1157 1159 1252 χορδὰς,
1182 1158 1230 1242 ὡς
1253 1165 1312 1230 καί
1336 1158 1355 1230 ὁ
1378 1163 1426 1230 As

270 1279 353 1351 λιος
376 1266 549 1359 ύποθηλσῖ.

231 1399 256 1437 1⁰
359 1381 433 1446 251.
465 1379 636 1444 Eusioth.
658 1401 687 1463 p.
708 1379 786 1454 809,
804 1379 856 1444 42.
889 1370 981 1463 παρὰ
1003 1377 1129 1462 Αἰλίῳ
1153 1377 1353 1461 Διονυσίῳ
1379 1387 1440 1440 κελ-

269 1512 324 1552 τιιι
347 1478 387 1551 τὸ
412 1485 691 1571 λυκοφιλίιοςῑ)
720 1476 797 1550 ἄντί
819 1491 881 1551 τοῦ
905 1476 1067 1562 ὑπόπτως
1090 1478 1262 1564 ὑπούλως,
1289 1472 1329 1559 ὃς
1351 1480 1440 1566 φέρει

270 1596 324 1674 καὶ
351 1588 552 1677 Μενάνδρου
574 1598 691 1677 χρῆσιν
713 1586 841 1677 ταύτην

404 1699 594 1780 λυκοφίλιοι
616 1698 678 1781 μέν
702 1696 785 1762 είσιν
809 1695 843 1762 αἱ
867 1697 1041 1781 διαλλαγαί
1063 1695 1116 1783 (fr.
1136 1697 1344 1782 8331100).

273 1810 377 1894 δῆλον
397 1805 432 1871 δὲ
452 1797 498 1882 ὡς
515 1796 535 1889 ἡ
555 1800 696 1890 ῥηθεῖσα
716 1797 884 1890 ἀμφιλύκη
903 1805 959 1868 καί
979 1801 1015 1867 ἐκ
1033 1810 1096 1868 τοῦ
1114 1798 1243 1890 λύγρ’)
1265 1803 1403 1888 γίνεται,
1424 1790 1441 1865 i

232 1932 258 1971 15
274 1914 424 2000 σημαίνει
447 1903 532 1975 κατὰ
556 1903 634 1988 τούς
657 1903 821 1987 παλαιούς
848 1902 910 1996 τὴν
934 1906 1042 1975 σκιάν.
1074 1901 1271 1996 προσλαβὸν
1298 1909 1337 1976 δὲ
1363 1900 1401 1974 τύ
1422 1932 1440 1994 η

272 2009 445 2104 ποιεῖτὴν
468 2010 638 2103 ἡλύγηῧ),
661 2008 680 2082 ὃ
705 2018 802 2103 ύηλοί
824 2016 965 2103 σκέπην,
990 2012 1096 2082 σκιάν.
1131 2015 1168 2098 ἐξ
1189 2005 1231 2081 οὗ
1254 2013 1439 2103 ἐπηλυγα-

274 2122 477 2210 σύμενοςί)
504 2115 596 2209 παρὰ
620 2119 777 2189 Πλάτωνι
806 2117 824 2189 ὁ
853 2119 1106 2209 προβαλόμενος
1134 2123 1191 2188 καὶ
1214 2117 1439 2206 έπισκιασάμε-

273 2256 340 2308 νος.
365 2222 418 2297 ὅτι
442 2231 554 2297 δὲκαὶ
576 2233 805 2315 νυκτερινοὶ
831 2226 982 2316 κύνεςῡ)
1002 2229 1155 2314 λέγονται
1175 2227 1208 2294 oi
1226 2225 1335 2310 λύκοι,
1357 2224 1440 2294 ἔστιν

274 2332 382 2425 εὑρεῖν
407 2337 443 2403 ἐν
466 2351 537 2414 τοῖς
558 2341 722 2413 παλαιοῖς.

838 2573 880 2632 M

235 2753 261 2791 ιο
364 2732 462 2797 251a.
495 2728 669 2796 Eusiath.
687 2751 717 2810 p.
740 2729 834 2805 1710,
854 2727 941 2814 201).
989 2722 1076 2792 ivos
1095 2725 1306 2813 ἐνθυμητέον
1329 2728 1386 2792 καὶ
1406 2715 1441 2790 τὸ

319 2964 380 3017 249.
402 2965 421 3028 ¹)
440 2961 538 3015 Glossa
561 2959 652 3030 prims
673 2975 729 3014 non
751 2958 884 3026 roourrit3
913 2957 1032 3012 alteram
1053 2958 1181 3012 Eusiath.
1205 2973 1232 3026 p.
1258 2959 1337 3013 1229.
1366 2954 1443 3012 αὐτο-

276 3051 353 3115 λεξεί
371 3050 407 3119 (si
426 3049 509 3103 κονία
534 3055 689 3117 corruptum
713 3048 742 3102 in
759 3047 866 3117 χωνεία
885 3046 1026 3116 corrigas),
1051 3061 1187 3102 unacum
1205 3046 1292 3103 tortia
1309 3045 1444 3116 repetivit.

366 3140 386 3205 ⁸)
405 3138 487 3192 Conv.
506 3138 585 3192 Phot.
606 3136 646 3192 Gi.
665 3139 730 3191 Hos.
750 3137 819 3191 Poll.
839 3136 873 3191 X.
895 3136 955 3191 193.

320 3228 381 3282 250.
400 3229 422 3293 1)
440 3226 505 3280 Sine
524 3225 608 3280 dubio
626 3225 751 3280 atticisto
770 3230 866 3280 auctor
884 3223 946 3289 fuit.
965 3223 1001 3279 of.
1021 3223 1149 3279 Eustoth.
1167 3239 1194 3292 p.
1213 3223 1294 3292 1164,
1315 3225 1339 3279 l.
1359 3223 1446 3280 Schol.

277 3317 355 3370 Hom.
374 3317 403 3368 Σ
419 3316 479 3370 570.
504 3315 593 3369 Schol.
613 3315 715 3369 Herod.
735 3315 787 3382 (ed.
808 3314 893 3368 Stoin.
913 3313 965 3367 vol.
984 3313 1020 3368 ΙΙ.
1039 3312 1111 3382 435.)
1134 3312 1179 3366 Ei.
1198 3312 1237 3367 M.
1256 3313 1323 3380 566,
1340 3314 1386 3368 36.
1403 3311 1447 3366 Et.

277 3406 347 3458 Gud.
365 3405 426 3468 371,
445 3405 470 3458 8.
490 3404 550 3469 104,
569 3405 612 3458 31.
642 3405 770 3458 Fortasse
789 3403 855 3457 hino
874 3401 998 3457 manavit
1015 3402 1094 3456 Phot.
1113 3401 1151 3470 gl.
1169 3402 1195 3456 2.

321 3494 382 3549 261.
404 3494 423 3558 ¹)
443 3493 524 3547 Conv.
544 3493 622 3546 Phot.

366 3582 387 3647 ²)
406 3581 446 3636 Of.
465 3582 530 3636 Hes.
549 3576 660 3652 λύγαια,
679 3579 809 3650 λυγαίας,
829 3575 964 3651 λυκάβας,
984 3578 1019 3634 oi.
1034 3579 1078 3633 st.
1094 3579 1132 3634 M.
1152 3579 1213 3646 571,
1231 3578 1274 3633 24.
1293 3579 1357 3649 356,
1371 3580 1415 3635 32.

366 3671 388 3741 ⁸)
407 3672 489 3726 Conv.
508 3671 586 3724 Phoi.
606 3669 680 3724 Suid.
700 3669 789 3723 Schol.
809 3669 879 3723 Plot.
899 3669 962 3739 Lys.
982 3669 1071 3723 207Β.

366 3763 388 3827 ⁴i)
408 3759 448 3815 ef.
472 3760 546 3814 Suid.
570 3761 615 3814 Et.
634 3759 672 3813 M.
696 3760 763 3826 356,
782 3759 830 3823 32,
854 3757 900 3825 qui
924 3759 992 3811 duas
1016 3759 1121 3826 glossas
1144 3757 1219 3811 inter
1240 3772 1271 3812 so
1294 3755 1451 3812 simillimos

278 3849 429 3918 proferunt.
463 3847 619 3918 Etymologi
638 3847 730 3917 glossa
748 3846 824 3915 prior
843 3863 878 3901 ox
896 3845 1034 3900 rhetorico
1054 3846 1145 3900 lexico
1165 3848 1275 3914 sumpto
1293 3851 1345 3901 ost.
1382 3845 1451 3907 con-

277 3938 354 3992 venit
378 3954 439 3992 cum
465 3937 516 3992 ills
534 3938 579 3992 Et.
599 3936 668 3991 Gud.
689 3937 754 4000 199,
773 3936 807 3989 52
826 3934 1005 4003 (foedissimis
1027 3934 1135 3990 mendis
1155 3951 1190 3990 ox
1208 3934 1253 3988 Et.
1273 3935 1311 3989 M.
1329 3933 1452 3990 liberan-

279 4028 352 4091 dum)
376 4026 446 4080 Mill.
470 4027 535 4081 Mol.
560 4044 586 4095 p.
610 4025 671 4080 399.
697 4025 767 4078 Tim.
787 4025 877 4080 Sohol.
896 4024 963 4080 Luc.
982 4025 1034 4078 vol.
1054 4024 1100 4079 IV.
1120 4025 1181 4080 231.
1205 4023 1341 4079 Jacobitz.
1364 4023 1451 4078 Moor.

278 4132 304 4183 p.
326 4116 384 4180 197,
406 4116 447 4169 12.
468 4115 556 4170 Bokk.
582 4116 648 4170 cum
668 4115 757 4168 altero
776 4113 896 4169 concinit
918 4113 984 4167 Hes.
1004 4143 1038 4152 -
1057 4114 1125 4167 Indo
1149 4113 1257 4181 corrigo
1281 4105 1453 4182 έκηλυγάζε-

280 4205 350 4256 σθαι
369 4219 413 4270 op.
432 4202 557 4258 Marcell.
577 4204 624 4258 vit.
644 4203 730 4257 Thuo.
750 4207 765 4267 6
783 4203 826 4257 52.

368 4290 389 4359 ⁶)
408 4291 490 4346 Oonv.
509 4292 587 4346 Phot.

324 4381 407 4435 2512.
428 4382 448 4447 ¹)
466 4381 549 4449 Apud
572 4381 703 4449 lexicogr.
722 4380 763 4434 nil
782 4378 872 4432 similo
891 4378 972 4432 rodit.
1000 4377 1126 4434 Glossom
1149 4379 1239 4448 ipsam
1255 4377 1287 4454 in
1305 4376 1450 4435 Eustothii
