3000 5040
658 306 720 377 129

186 471 239 538 92.
262 469 433 538 Eustath.
452 493 483 555 p.
504 471 598 550 1721,
617 472 659 536 26
670 474 706 558 1)
734 471 846 537 ἰστέον
866 470 902 536 δὲ
921 460 973 537 ὅτι
995 464 1138 556 μάλιστα
1160 461 1200 538 τὸ
1223 457 1269 559 βή

97 586 214 665 φωνῆς
238 569 456 666 σημαντικὸν,
484 579 542 643 καί
565 577 701 664 φέρεται
723 570 814 664 παρὰ
841 577 965 664 Αἰλίῳ
989 579 1185 665 Διονυσίῳ
1213 579 1271 644 καί

95 692 210 772 χρῆσις
236 687 407 771 Κρατίνου
434 681 582 772 τοιαύτη.
625 687 657 771 (e
680 686 972 770 Dionysalexandro
996 685 1032 750 fr.
1052 686 1103 751 43.
1123 685 1225 773 Kock)
1247 685 1270 771 ).

143 784 161 856 ὁ
192 783 225 857 δ’
252 785 385 878 ἠλίθιος
413 782 527 877 ὥσπερ
555 787 729 877 πρόβατον
755 783 796 878 βή
824 783 865 877 βή
893 791 1002 876 λέγοον
1029 793 1155 874 βαδίζει

188 899 380 976 Quibuscum
409 901 606 965 contexenda
633 906 707 964 sunt
738 922 768 982 p.
797 900 874 976 768,
905 899 954 963 13.
991 900 1048 963 καί
1080 892 1133 964 ὅτι
1164 922 1270 984 παρα·
1297 924 1310 964 s

97 996 196 1090 βλώφ
218 1005 280 1089 μὲν
303 1004 444 1070 ἐκτείνει
466 997 528 1092 τήν
552 1001 720 1092 λήγουσαν
744 996 790 1082 ὡς
814 1001 984 1071 σύνθετον
1011 1004 1049 1071 έκ
1075 1014 1138 1071 τοῦ
1166 996 1270 1086 οίπός,

97 1103 200 1196 βλὸφ
222 1111 337 1196 μέντοι
360 1104 400 1177 τὸ
419 1109 674 1196 μονοσύλλαβον
693 1111 921 1177 συνέσταλται.
951 1103 1035 1198 ὅπερ
1060 1111 1150 1178 ἐστὶν
1174 1104 1270 1198 ὁτῆς

98 1215 289 1304 κλεψύδρας
297 1207 376 1305 ήχος
384 1225 576 1306 μιμητικῶς,
591 1209 689 1284 κατά
703 1212 796 1296 τοὺς
810 1212 1019 1301 παλαιοὺς,
1038 1210 1162 1305 ὥσπερ,
1177 1219 1270 1301 φασί,

97 1327 156 1390 καὶ
178 1316 249 1406 πὺξ
271 1324 326 1390 ἐπὶ
348 1332 407 1408 τῆς
429 1321 547 1412 ψήφου
566 1317 652 1391 κατά
670 1327 806 1412 μίμησιν
830 1327 887 1390 καὶ
906 1318 1080 1390 αῦτό.’καὶ
1099 1322 1136 1391 οἱ
1154 1318 1270 1392 αὐτοί

98 1447 201 1513 φασιν
228 1423 353 1516 ὁμοίως
374 1438 557 1519 μιμητικῶς
584 1433 641 1497 καὶ
663 1424 719 1518 βή,
747 1425 788 1497 οῦ
814 1432 876 1516 μὲν
903 1434 960 1513 βαὶ
981 1434 1117 1519 μίμησιν
1139 1429 1268 1520 προβά-
1284 1458 1309 1496 ro

98 1561 161 1604 του
184 1546 309 1626 φωνῆς.
339 1543 518 1626 Κρατῖνος·
543 1531 561 1605 ὁ
588 1532 621 1605 δ’
643 1531 777 1626 ήλίθιος
799 1543 871 1604 κτλ.

187 1647 237 1712 93.
271 1647 444 1712 Eustath.
464 1670 492 1731 p.
513 1647 591 1724 880,
610 1646 661 1712 30.
694 1638 714 1734 ή
740 1646 776 1711 δὲ
799 1641 990 1732 κολάνη1)
1019 1647 1076 1710 καὶ
1098 1641 1204 1729 λόφος
1227 1638 1270 1712 tio

34 1738 37 1743 ’
99 1751 229 1837 λέγοιτο
259 1755 316 1818 καί
342 1744 522 1840 βουνόςλ)
552 1753 602 1833 δὲ,
631 1744 714 1838 ὅπερ
733 1745 911 1838 Ἡρόδοτος
935 1752 1002 1834 (IV.
1025 1753 1102 1839 199)
1125 1753 1186 1838 μὲν
1209 1757 1268 1819 Λι-

97 1853 191 1940 βύων
209 1858 299 1940 λέξιν
317 1855 402 1924 εἶναί
425 1877 535 1946 φησιν.
560 1858 699 1936 Αίλιος
724 1859 759 1924 δὲ
783 1855 991 1936 Διονύσιος
1014 1858 1111 1943 λέγει,
1135 1851 1187 1925 ὅτι
1214 1865 1269 1926 Φι-

97 1961 213 2051 λήμων
238 1962 443 2032 ἐπισκώπτει
465 1957 506 2031 τὸ
530 1959 638 2050 ὄνομα
661 1962 707 2043 og
724 1962 909 2052 βάρβαρον,
932 1961 1041 2048 λόφον
1064 1957 1126 2052 γάρ
1149 1970 1270 2032 καλοῦ-
1285 1989 1310 2029 15

99 2088 161 2137 σιν.
186 2068 316 2158 ἕτεροι
336 2073 424 2159 δὲί),
444 2064 497 2138 ὅτι
514 2064 641 2153 βουνὸν
663 2068 821 2159 Φιλήμων
841 2070 878 2137 ἐν
896 2068 1006 2156 Νόθφ
1025 2073 1076 2159 (fr.
1096 2074 1148 2139 49.
1167 2073 1270 2160 Kook)

98 2172 146 2256 ὡς
169 2175 314 2265 σύνηθες
336 2181 482 2264 τίθησιν,
506 2172 626 2245 άλλοτε
651 2178 686 2244 δὲ
710 2171 756 2255 ὡς
779 2169 912 2260 ξενικὸν
937 2175 1150 2245 ἐπισκώπτει.

188 2286 240 2350 94.
272 2286 446 2350 Eustath.
470 2309 499 2370 p.
525 2285 626 2363 1165,
648 2286 678 2350 4.
712 2284 825 2351 ἰστέον
853 2285 889 2349 δὲ
915 2287 1147 2370 πολυμαθείας
1171 2283 1270 2372 χάριν

98 2391 156 2456 καί
183 2382 236 2457 ὅτι
262 2394 392 2478 βοῦςῙ)
419 2384 511 2476 παρά
539 2403 609 2470 τοῖς
632 2396 788 2469 παλαιοῖς
812 2389 942 2477 ἐλέγετο
966 2394 1023 2458 καί
1044 2416 1078 2457 τι
1100 2392 1270 2478 πέμματος

97 2570 132 2623 A.
156 2585 183 2637 p.
206 2569 272 2634 222,
296 2569 338 2622 29.
362 2569 427 2623 Hes.
460 2569 522 2623 Una
545 2568 599 2623 fuit
623 2565 693 2623 στοά
716 2569 861 2640 βασίλειος
884 2567 918 2624 of.
943 2569 1022 2623 Peus.
1042 2570 1063 2623 I.
1083 2570 1113 2634 3,
1134 2569 1158 2622 1.
1179 2569 1225 2635 14,
1245 2572 1269 2625 6.

98 2656 190 2710 Meier
209 2663 237 2711 et
255 2657 363 2712 Sehdm.
383 2660 441 2712 Att.
461 2658 538 2712 Proe.
557 2675 585 2726 p.
605 2660 647 2712 62.
667 2675 693 2711 n.
712 2657 755 2712 59.

144 2747 187 2799 92.
206 2747 227 2813 ¹)
245 2745 289 2800 Ex
313 2745 401 2800 altero
424 2745 509 2814 igitur
532 2747 591 2801 loeo
610 2747 787 2800 Eustethium
812 2763 847 2801 ex
870 2763 946 2802 more
965 2745 1121 2815 collegisse,
1145 2761 1215 2815 quoe
1234 2747 1271 2801 ad

97 2833 268 2902 propositum
287 2835 431 2902 quadrent,
450 2834 631 2903 intellegitur,
652 2834 685 2890 of.
705 2841 761 2889 not.
781 2836 824 2889 ed.
844 2835 877 2888 fr.
896 2837 956 2890 337.

189 2922 210 2992 ²)
230 2923 311 2977 Conv.
335 2922 409 2978 Suid.
429 2924 473 2977 Et.
493 2925 530 2977 M.
550 2941 577 2992 p.
597 2925 661 2989 196,
682 2925 711 2992 7,
736 2924 813 2977 euius
836 2924 895 2978 eod.
914 2924 988 2978 Flor.
1008 2923 1057 2977 sub
1081 2923 1163 2978 finem
1187 2921 1269 2995 ῥητο-

99 3005 164 3081 ρική
185 3008 216 3065 δέ
235 3007 313 3065 ἐστιν
331 3004 348 3079 ή
368 3009 443 3077 λέξις
461 3011 555 3066 adicit.
588 3013 654 3066 Alio
672 3028 717 3081 ap.
737 3013 802 3066 Hes.
822 3029 843 3066 s.
863 3030 887 3067 v.
907 3007 1005 3083 βηβήν.
1025 3014 1056 3066 Β.
1076 3015 1108 3067 Α.
1128 3015 1171 3078 86,
1190 3014 1215 3068 3.
1234 3044 1270 3052 -

98 3097 137 3169 βῆ
159 3101 200 3167 (ut
224 3100 333 3167 quidem
358 3100 432 3155 Suid.
452 3101 496 3155 Et.
517 3102 555 3156 M.
575 3100 593 3156 l.
612 3101 630 3155 l.
655 3101 800 3170 praebent)
824 3100 1096 3157 circumflectendum
1120 3117 1181 3157 esse
1205 3117 1268 3156 oon-

97 3189 191 3242 tendit
207 3189 285 3244 Eust.
304 3206 331 3258 p.
351 3190 411 3255 592,
432 3189 473 3244 18.
493 3190 537 3244 Et.
557 3190 594 3243 M.
615 3191 657 3256 78,
677 3191 720 3244 40.

144 3276 187 3332 93.
205 3278 227 3343 ¹)
247 3278 328 3333 Gonu.
348 3278 414 3334 Hes,

191 3366 211 3433 Β)
229 3366 364 3422 Herodoti
386 3367 574 3422 testimonium
599 3384 634 3422 ex
657 3368 788 3423 atticistis
811 3368 1003 3437 depromptum
1022 3384 1083 3422 esse
1102 3367 1178 3423 loeus
1197 3368 1269 3422 cele·

98 3453 235 3510 berrimus
254 3457 289 3510 de
308 3456 419 3511 vocibus
438 3457 593 3526 peregrinis
611 3458 689 3512 Enst.
709 3474 736 3526 p.
756 3457 833 3522 1854,
853 3459 895 3511 21.
916 3459 1009 3523 docet,
1035 3457 1069 3511 of.
1088 3458 1159 3511 Prol.
1179 3474 1206 3526 p.
1226 3458 1268 3511 30.

189 3543 211 3612 ⁸)
229 3545 335 3599 Eadem
355 3547 436 3600 docet
454 3546 554 3615 Phryn.
574 3547 642 3600 Lob.
662 3548 722 3601 355.
746 3547 796 3600 sed
815 3546 910 3600 ordine
929 3547 1046 3600 inverso.
1066 3576 1099 3584 -
1119 3545 1268 3600 Herodian.

100 3649 128 3686 κ.
148 3651 211 3700 μον.
231 3630 288 3698 λέξ.
308 3636 353 3702 (ΙΙ.
367 3634 428 3702 940,
442 3636 465 3688 4.
480 3634 587 3704 Lentz.)
606 3629 708 3704 βουνὸς
728 3635 889 3689 κοτυλιαίου
908 3635 962 3688 iam
981 3642 1012 3688 ut
1031 3634 1156 3689 omnibus
1176 3637 1268 3688 notum

100 3728 128 3776 ot
146 3722 279 3776 usitatum
297 3724 326 3777 in
346 3724 501 3792 exemplum
522 3727 609 3777 vocat.

189 3811 231 3865 94.
251 3811 322 3866 Toto
349 3812 503 3866 Pausaniae
532 3811 657 3868 doctrine
684 3812 806 3881 repetito
834 3829 877 3881 ap.
905 3811 979 3867 Suid.
1004 3827 1024 3865 s.
1050 3829 1073 3865 v.
1103 3804 1267 3877 ἀνάστατοι,

100 3900 134 3954 ef.
154 3900 226 3956 Prol.
245 3917 272 3969 p.
292 3903 317 3956 8.
338 3903 379 3956 63.

190 3991 210 4054 1)
228 3991 298 4060 βοῦς
317 3990 361 4044 vel
380 3992 449 4060 βοῦς
467 3984 588 4062 ἕβδομος
606 3991 727 4060 repetita
746 4007 790 4059 ep.
804 3991 870 4044 Hes.
885 4006 906 4043 s.
922 4006 947 4043 v.
960 3991 1037 4059 βοῦς,
1058 3982 1179 4060 ἕβδομος
1192 3990 1268 4060 βοῦς,

100 4080 170 4148 βοῦς
189 4072 217 4144 ζ’
241 4078 299 4144 (ubi
318 4079 539 4146 antiquissimum
563 4080 667 4134 fontem
691 4080 838 4134 Clitodemi
853 4074 963 4131 Ἀτθίδα
981 4078 1080 4143 habes,
1104 4077 1181 4132 ouius
1206 4079 1269 4132 doe·

101 4166 176 4221 trina
194 4183 245 4236 per
262 4170 305 4221 tot
323 4167 483 4222 discrimina
501 4185 586 4236 usque
606 4171 641 4223 ad
660 4170 725 4223 Hes.
744 4169 890 4237 pervenit).
919 4166 995 4222 Suid.
1014 4183 1035 4221 s.
1054 4184 1079 4221 v.
1098 4167 1168 4238 βοῦς
1190 4160 1269 4237 &poo-

99 4272 152 4320 μσς
169 4255 206 4324 gl.
225 4258 250 4310 2.
271 4256 436 4311 testimoniis
456 4273 490 4311 ex
508 4258 655 4328 Euthyolis
674 4257 808 4312 Atalante
826 4256 870 4326 (fr.
890 4257 925 4321 2.)
948 4255 1091 4324 Euripidis
1109 4256 1269 4310 Erechtheo

100 4343 143 4410 (fr.
156 4345 216 4398 352.
229 4345 347 4414 Nauck.)
366 4346 474 4401 Achaei
492 4347 566 4400 Iride
585 4347 628 4413 (fr.
641 4349 684 4401 23.
703 4346 819 4413 Nauck.)
838 4344 935 4415 petitis
955 4350 1053 4400 ornata
1072 4350 1123 4413 est,
1144 4344 1179 4400 ef.
1192 4343 1267 4400 Suid.

100 4449 120 4488 s.
141 4451 165 4487 v.
184 4428 347 4498 ἀνάστατοι,
366 4437 445 4490 Phot.
466 4452 485 4489 s.
507 4453 530 4489 v.
550 4430 661 4504 σελήνη.

1039 4524 1056 4578 9
