3000 5040
732 269 795 335 173

165 429 306 514 νομικοὶ
327 418 404 494 άντὶ
426 433 587 513 γλυπτοόν
610 431 784 515 σφαγίδων
811 429 917 507 τινὲς
946 430 985 494 δὲ
1010 421 1095 495 αὐτὰ
1118 423 1343 495 πεντεσνλλά-

165 538 239 616 βως
256 533 508 623 θριπηδέστατα
528 531 634 602 εἷπον.
659 535 696 601 ἐκ
716 536 752 602 δὲ
770 542 833 601 τοῦ
852 532 940 601 ἔδειν
960 535 995 601 δὲ
1014 538 1071 600 καὶ
1089 529 1110 622 ἡ
1128 526 1344 622 τερηδωνθ)

167 637 339 728 θηρίδιόν,
358 658 468 724 φασι,
491 638 692 727 ξυλοφάγον,
711 629 753 708 οὗ
769 634 790 728 ἦ
806 650 920 728 χρῆσις
937 644 994 707 καὶ
1016 634 1100 727 παρ’
1115 633 1345 728 Ἀριστοφάνει

167 745 209 812 ἐν
227 738 417 814 Ἱππεῦσιν·

431 838 533 922 τείρει
555 829 618 921 γάρ
642 839 699 902 καὶ
722 834 789 902 ἔδει
811 829 852 902 τό
875 833 1083 922 παραπεσόν.
1373 877 1385 915 5

260 961 334 1027 206.
368 961 541 1028 Eustath.
560 985 590 1045 p.
612 962 707 1039 1534,
725 962 777 1028 49.
814 953 879 1026 Τὸν
900 961 936 1027 δὲ
955 956 1174 1047 θύλακόνῑ)
1193 959 1264 1046 (καὶ
1283 966 1346 1026 θυ-

167 1062 291 1132 λάκιον
313 1059 597 1153 ὑποκοριστικῶς)
620 1085 724 1150 φασιν
742 1065 776 1133 oi
799 1059 930 1153 άρχαῑοι
952 1070 1010 1132 καὶ
1028 1063 1232 1154 μάρσιππον.
1258 1058 1343 1132 άλλά

167 1174 228 1238 καὶ
250 1175 485 1260 κυνοῦχονῖ)
505 1166 553 1252 ὡς
571 1175 669 1261 δηλοῖ
685 1167 703 1239 ὃ
722 1170 853 1260 γράψας
872 1165 938 1240 ὅτι·
962 1182 1140 1260 κυνοῦχος·
1164 1168 1344 1253 θυλάκιον,

166 1276 373 1365 μάρσιππον.
412 1282 641 1358 Παυσανίας
673 1281 709 1346 δε
741 1282 798 1345 καὶ
830 1276 1045 1362 φάσκωλον
1078 1275 1250 1367 ἓρμηνεύει
1281 1271 1344 1344 τὸν

166 1381 338 1466 θύλακον,
370 1378 492 1467 εἰπάν,
525 1377 578 1452 ὅτι
606 1382 820 1473 9ύλακος3)
852 1379 979 1472 ῥαπτὸς
1006 1382 1194 1468 φάσκωλος.
1237 1385 1384 1452 ci.ib.1o

166 1514 200 1576 p.
227 1493 325 1570 1446,
347 1493 377 1558 5.
410 1489 622 1574 φασκοάλιον,
655 1485 702 1570 ὡς
735 1493 830 1579 δηλοῖ
857 1485 876 1558 ὃ
906 1484 1045 1558 εἰπάν·
1075 1488 1344 1577 φασκώλιον4)

168 1593 371 1684 δερμάτινον
393 1594 578 1680 βαλάντιον
601 1593 677 1664 οἷον
695 1595 872 1665 θυλάκιον.
898 1600 954 1663 καὶ
973 1594 1152 1681 φάσκωλος
1175 1591 1195 1684 ι)
1219 1595 1343 1681 ἱματιο-

166 1705 282 1790 φορὶς,
309 1695 356 1782 ὥς
382 1721 485 1791 φησιν
512 1704 650 1782 Αἴλιος
677 1700 895 1782 Διονύσιος.
925 1743 969 1753 -
997 1703 1029 1769 oi
1058 1706 1094 1770 δὲ
1121 1705 1260 1770 παλαιοὶ
1287 1705 1344 1768 καὶ

165 1803 232 1876 τὸν
258 1802 350 1896 παρὰ
377 1818 426 1896 τῷ
454 1817 595 1896 κωμικῷ
623 1807 808 1897 σάκτανῦ)
837 1808 992 1877 θύλακον
1016 1807 1270 1898 ἑρμηνεύουσιν,
1298 1802 1344 1887 ὡς

166 1918 268 2004 δηλοῖ
288 1910 307 1983 ὁ
331 1909 470 1983 εἰπάν·
496 1913 627 1995 σάκτας.
652 1914 811 1995 θύλακος.
834 1914 1035 2003 μάρσιππος.
1358 1940 1384 1979 15

746 2171 773 2231 Ι.

259 2327 332 2392 207.
360 2326 532 2393 Eustath.
551 2350 582 2411 p.
602 2326 676 2404 853,
695 2326 747 2392 52.
775 2328 857 2414 φησὶ
874 2332 957 2412 γοῦν
975 2325 1113 2404 Αἴλιος
1131 2322 1342 2403 Διονύσιος

165 2424 308 2518 ἰατρὸν
325 2445 478 2517 γυναῖκα,
490 2426 609 2514 Ἄλεξις
628 2433 680 2518 (fr.
695 2433 768 2499 318.
783 2433 887 2519 Kock)
904 2432 940 2498 δε
955 2428 1095 2518 ἰάτριαν.
1115 2424 1135 2518 ἦ
1156 2432 1192 2497 δὲ
1211 2431 1342 2518 ἰατρίνη

165 2530 228 2624 ούχ
246 2531 448 2626 Ἑλληνικὸν.

257 2646 331 2712 208.
364 2646 536 2712 Eustalh.
559 2669 590 2730 p.
617 2647 716 2726 1472,
742 2647 771 2711 7.
803 2644 915 2711 ἰστέον
943 2645 979 2712 δὲ
1008 2636 1061 2710 ὅτι
1089 2643 1232 2731 ἰ’κριαῑ)
1259 2667 1340 2730 προ-

165 2876 209 2930 dis
221 2874 381 2930 testimonio
395 2873 439 2945 (fr.
454 2876 497 2931 85.
512 2875 603 2936 Blassl
617 2879 790 2930 ornatarum
802 2876 1023 2944 Harpocratione
1035 2874 1183 2930 concinunt
1193 2879 1221 2929 et
1231 2874 1340 2928 similli-

166 2979 240 3018 mum
250 2961 633 3032 fontemhabuisseprodunt.
643 2965 729 3018 -Do
743 2981 774 3019 re
787 2964 958 3019 videValck.
974 2966 1010 3018 ad
1020 2966 1145 3018 Ammon.
1164 2980 1191 3034 p.
1206 2964 1264 3019 104.
1279 2978 1337 3031 sqq.

257 3049 280 3119 λ)
299 3050 333 3106 cf.
347 3052 426 3106 Phot.
440 3052 515 3107 Suid.
527 3053 606 3106 Eust.
621 3054 704 3115 1532,
724 3055 765 3107 15.
784 3053 850 3107 Hes.
870 3053 949 3107 Hanc
967 3054 1087 3121 glossam
1106 3052 1260 3108 Pausaniae
1280 3066 1340 3106 esse

166 3143 243 3210 pato,
263 3156 327 3195 cum
345 3140 531 3195 atticistarum
549 3139 707 3210 fragmenta
724 3145 785 3196 arte
805 3143 1015 3210 subsequantur.

211 3229 275 3284 206.
294 3230 316 3296 ¹)
335 3229 417 3284 Gonv.
436 3229 515 3284 Phot.
544 3228 579 3284 cf.
599 3230 671 3284 Prol.
690 3246 717 3298 p.
736 3231 780 3285 23.
799 3247 840 3300 sq.

259 3317 280 3384 ¹)
299 3316 381 3371 conv.
400 3318 479 3372 Phot.
498 3317 565 3372 Hes.

256 3403 279 3473 8)
298 3405 380 3460 Gonu.
394 3405 483 3473 Phoc,
496 3405 574 3461 cuius
592 3407 630 3460 ad
648 3406 765 3475 glossam
779 3407 1007 3476 Harpocrationis
1025 3407 1117 3476 glossa
1135 3406 1276 3475 adscripta
1290 3410 1339 3459 est.

165 3494 266 3550 Snidas
285 3500 432 3562 utramque
446 3494 598 3549 contexuit.
617 3494 661 3548 Et.
675 3495 713 3548 M.
727 3496 787 3563 789,
801 3495 818 3548 8
830 3496 992 3566 Dionysium
1012 3495 1145 3564 sequitur,
1164 3495 1256 3563 glossa
1268 3493 1340 3547 Har·

165 3582 347 3652 pocrationca
365 3583 459 3652 paullo
478 3589 543 3637 ante
563 3583 656 3638 allata.
685 3584 791 3638 Eadem
810 3583 969 3639 differentia
987 3585 1132 3638 uerborum
1151 3599 1196 3651 ap.
1214 3583 1339 3635 Ammon.

164 3687 190 3740 p.
212 3673 272 3726 141.
288 3671 396 3740 Valck,
416 3672 500 3741 (unde
518 3672 640 3741 corrigas
655 3673 862 3742 corruptissima
880 3691 924 3743 ap.
943 3673 987 3727 Et.
1007 3673 1077 3727 Gud.
1096 3672 1161 3737 550,
1182 3673 1205 3724 1.
1230 3665 1340 3738 φάσκα-

165 3761 214 3823 λος
233 3758 260 3825 (l.
281 3754 422 3828 φάσκωλ.)
441 3755 612 3829 φασκάλλον
633 3757 770 3832 διαφέρει.
795 3758 947 3832 φάσκαλον
970 3759 1024 3829 μὲν
1046 3757 1102 3832 γάρ
1126 3753 1238 3827 ἲμάτιον
1254 3760 1341 3829 χωρὶς

166 3847 193 3916 (l.
216 3843 419 3919 ἱματιοφορὶς),
444 3844 612 3918 φασκώλιον
630 3847 661 3903 δὲ
679 3847 712 3904 τδ
732 3845 894 3922 δερμάτων)
913 3854 943 3906 et
960 3852 1028 3905 Lex.
1047 3848 1159 3903 Bachm.
1179 3848 1240 3910 404,
1260 3848 1284 3901 7.
1304 3846 1339 3900 ci.

164 3937 234 3991 Poll.
254 3936 316 3991 Vll.
336 3937 378 3992 79.
398 3938 432 3993 Χ.
453 3939 513 3992 137.
531 3940 563 3993 B.
582 3939 616 3992 A.
635 3939 697 4007 314,
716 3939 742 3993 4.

254 4027 277 4094 ⁴)
296 4041 373 4080 conv.
392 4026 457 4081 Hes.
479 4026 513 4082 ci.
534 4026 624 4082 Schol.
644 4030 691 4082 Ar.
711 4028 782 4081 Plut.
802 4028 862 4082 681.
882 4025 936 4080 vid.
956 4025 988 4080 fr.
1008 4027 1069 4080 296.
1089 4029 1143 4078 not.
1163 4027 1187 4080 6.

210 4113 270 4168 207.
292 4114 312 4181 ¹)
331 4113 372 4169 cf.
391 4115 466 4170 Suid.
486 4116 642 4170 Secundum
665 4116 732 4170 Lob.
752 4116 852 4183 Phryn.
871 4130 898 4183 p.
918 4115 968 4167 651
993 4113 1153 4181 posterioris
1175 4112 1231 4167 fuit
1253 4113 1339 4168 Grae·

165 4200 268 4258 citatis.
288 4201 323 4258 cf.
342 4203 460 4258 Ritschl.
481 4202 622 4272 Opusc.1.
647 4205 706 4259 627.
723 4219 792 4271 squ,
812 4201 859 4270 qui
882 4201 939 4255 iam
953 4201 1036 4256 Orum
1060 4201 1088 4271 (l.
1108 4201 1125 4254 l.
1150 4202 1185 4256 ab
1209 4201 1339 4270 episcopo

164 4289 290 4359 allatum)
311 4307 373 4347 cum
392 4292 525 4347 atticistis
544 4292 716 4347 consensisse
733 4291 832 4345 docuit.

208 4379 270 4436 208.
292 4380 514 4448 1)(λοιιτ.Ρ1ιοι.
534 4411 567 4421 -
587 4379 643 4446 Ea,
672 4394 743 4449 quae
766 4395 810 4448 ap.
829 4377 895 4433 Hes.
914 4378 1005 4434 Schol.
1023 4380 1072 4433 Ar.
1092 4378 1258 4449 Thesmoph.
1277 4379 1338 4435 395.
