3000 5040
790 235 854 303 216

236 389 372 469 νύοιος
396 392 437 456 ἐν
459 406 544 471 τοῖς
565 396 657 479 περὶ
675 387 859 461 Ἀττικῶν
878 396 1024 477 λέξεων
1043 387 1232 480 ὑπογράφει
1250 393 1414 476 σαφέστε-

236 521 298 583 ρον
321 491 383 585 τὴν
402 507 464 564 τοῦ
482 507 593 580 φυτοῦ
612 497 724 582 φύσιν,
747 508 805 589 τῆς
822 498 959 583 βύβλου,
983 498 1069 566 ἔνθα
1091 501 1169 587 περὶ
1188 495 1332 586 φιλύρας
1350 523 1414 587 φη-

237 607 305 685 σὶν,
338 597 390 671 ὅτι
418 598 528 687 φυτὸν
555 599 576 692 ἦ
604 605 802 694 φιλύραῑ),
834 600 958 690 φλοιὸν
986 604 1063 692 ἔχον
1090 603 1231 689 βύβλου,
1262 602 1413 692 παπύρῳ

237 702 366 796 ὅμοιον,
390 711 426 793 ἐξ
449 703 592 790 αὖτοὺς
616 711 804 796 στεφάνους
826 715 1019 780 πλέκουσιν.

211 837 224 874 ⁵
326 820 399 884 318.
432 820 604 884 Eustath.
622 844 651 905 p.
674 823 839 898 175134.
867 820 980 887 ἰστέον
1000 821 1036 887 δὲ
1059 812 1113 886 ὅτι
1134 822 1343 906 περίκλυτον
1362 819 1413 905 γέ-

238 950 297 1003 νος
320 923 353 991 oi
380 928 544 1005 Φοίνικες,
568 925 604 1007 ἐξ
626 916 676 991 oio
703 929 890 993 Φοινίκια
913 923 1163 1012 γράμματαῑ)
1188 925 1277 1007 ἐπεί,
1300 944 1414 1010 φασι,

240 1034 335 1098 δοκεῖ
350 1025 527 1117 Koidpoc'
506 1025 574 1098 απὸ
602 1035 765 1140 Φοινίκης
784 1026 870 1098 αύτὰ
893 1035 1037 1118 κομίσαι
1071 1026 1224 1120 δηλοῑδ’
1247 1023 1331 1099 aaz&
1355 1034 1415 1098 xci

238 1133 446 1223 ὁγράψας,
470 1131 522 1206 ὁτι
549 1141 704 1217 Φοίνικες
728 1141 829 1226 εὐρον
851 1135 1004 1226 γρύμματ
1010 1132 1232 1225 'crassiora
1259 1129 1393 1226 περὶ
1363 1161 1415 1204 ων

239 1245 274 1311 ἐν
298 1259 368 1324 τοῖς
392 1242 465 1332 ἓξης
485 1242 678 1367 ῥηθήσεται
720 1249 777 1313 καὶ
804 1249 952 1332 ψεῦδος
980 1247 1016 1313 δὲ
1043 1238 1366 1334 eorvrxaatv²)'
1342 1237 1415 1312 απὸ

200 1366 225 1404 1⁰
239 1359 309 1418 τῶν
341 1345 426 1417 κατὰ
457 1345 519 1418 τὸν
548 1349 686 1438 Κάδμον
717 1346 781 1420 τὸν
812 1355 955 1420 Φοίνικα
984 1355 1041 1418 καὶ
1067 1345 1130 1419 τὸν
1159 1348 1329 1439 δράκοντα
1356 1353 1417 1418 καὶ

239 1451 318 1536 τούς
350 1451 531 1543 Σπαρτούς
561 1466 716 1544 μυθικῶς
747 1459 953 1545 λεγομένων,
984 1454 1032 1538 ὥς
1063 1476 1143 1547 φησι
1170 1461 1416 1541 Παυσανίας,

240 1564 295 1632 ἵνα
319 1553 339 1649 ᾗ
361 1558 558 1632 Φοινικικὸν
581 1568 706 1648 ψεῦδος
729 1559 768 1632 τὸ
788 1568 985 1652 τερατῶδες.

329 1673 403 1738 319.
440 1674 611 1739 Eustath.
631 1696 660 1757 p.
682 1674 781 1751 1452,
803 1675 852 1739 16.
885 1675 943 1739 καὶ
965 1665 1116 1759 φορμὸς
1143 1665 1162 1738 6
1187 1668 1330 1756 κόφινος
1356 1674 1417 1738 καὶ

242 1782 497 1866 φορμίσκοςῑ)
525 1772 610 1845 κατὰ
639 1781 871 1846 Παυσανίαν
899 1775 1025 1846 λεπτόν
1054 1779 1088 1865 (l.
1106 1775 1268 1864 πλεκτύν)
1296 1801 1331 1845 τι
1358 1771 1416 1865 ἄγ-

202 1897 227 1936 1⁵
240 1900 341 1971 γεῑον.
367 1883 499 1971 ἕτεροι
523 1887 565 1952 δέ
587 1905 690 1968 φασιν
713 1878 818 1952 ούτῶ·
843 1886 881 1952 ἐκ
904 1893 966 1952 τοῦ
985 1885 1079 1971 φέρω
1103 1876 1289 1971 φορμός1)
1308 1878 1418 1972 ἤγουν

241 1993 379 2078 πλέγμα,
403 1995 531 2077 οπυρὶς,
554 1993 591 2059 ἐν
615 1981 643 2078 ᾦ
666 1995 723 2058 καί
746 2000 830 2060 σῦκα
854 1989 986 2078 ἔφερον.

332 2101 404 2164 320.
434 2100 605 2165 Eustath.
620 2123 650 2184 p.
666 2101 740 2175 239,
751 2101 802 2166 30.
832 2101 889 2165 καὶ
908 2092 926 2165 6
945 2091 1037 2186 παρὰ
1055 2112 1126 2178 τοῖς
1139 2091 1296 2177 Ἀττικοῖς
1314 2095 1418 2184 φρά-

242 2208 357 2293 τωρῑ)
386 2207 442 2270 καὶ
469 2203 667 2291 φρύτριον
698 2202 819 2287 τόπος,
851 2206 888 2272 ἐν
921 2195 950 2292 ᾧ
978 2203 1012 2271 οί
1037 2211 1096 2292 τῆς
1123 2197 1225 2292 αύτῆς
1250 2206 1419 2291 φρατρίας

243 2310 438 2400 συνήγοντο.
481 2314 537 2378 καὶ
564 2320 670 2378 ταῦτα
696 2313 758 2398 μὲν
787 2311 824 2378 ἐκ
848 2314 1020 2399 φρατρίας.
1062 2303 1131 2378 α’πό
1156 2311 1193 2378 δέ
1213 2335 1250 2398 γε
1273 2312 1420 2397 φατρίας

202 2415 478 2506 ’ῡφατριύζειν
505 2411 654 2498 Ἀττικῶς
681 2412 720 2486 τὸ
751 2420 797 2498 είς
824 2411 864 2486 τὸ
895 2410 978 2485 αύτὸ
1007 2419 1166 2485 συνιέναι.
1212 2416 1351 2496 Αἴλιος
1380 2417 1419 2484 δὲ

243 2523 453 2602 Διονύσιος
468 2525 504 2591 ἒν
518 2531 568 2612 τῶ
582 2519 659 2592 κατ’
670 2519 776 2594 αύτόν
789 2524 958 2614 ῥητορικῷ
968 2531 1090 2612 λεξικῶ
1100 2542 1195 2612 φησι·
1219 2525 1368 2610 φατρία
1378 2525 1420 2613 ²),

289 2741 349 2796 317.
370 2740 391 2809 ¹)
412 2741 493 2794 Conv.
508 2739 585 2793 Phot.
602 2738 669 2793 Lex.
688 2740 801 2795 Bochm.
820 2740 882 2805 406,
902 2741 945 2796 18.
964 2741 1008 2796 Ε1.
1022 2740 1059 2796 M.
1080 2739 1140 2806 793,
1159 2739 1184 2793 4.
1204 2735 1245 2794 cf.
1264 2735 1298 2792 ir.
1317 2737 1380 2794 367.

289 2830 350 2884 318.
372 2831 391 2894 ¹)
410 2829 472 2883 Vid.
492 2829 557 2882 Hes.
577 2828 728 2896 φοινικίοις
746 2823 903 2899 γράμμασι.

334 2917 355 2986 1)
376 2918 457 2971 Conv.
477 2917 555 2971 Phot.
575 2917 650 2971 Suid.
670 2917 760 2972 Schol.
779 2917 850 2971 Plat.
869 2918 938 2986 Rep.
957 2916 1045 2972 4140.
1078 2914 1187 2972 Similia
1204 2914 1321 2984 Diogen.
1339 2912 1416 2970 VIII.

246 3007 289 3062 67.
311 3005 350 3061 cf.
371 3005 455 3067 Cohn,
476 3005 591 3059 Jahrbb.
611 3004 688 3061 XIII.
708 3022 735 3074 p.
754 3007 814 3061 810.
835 3005 958 3075 Giesing.
977 3021 1005 3076 p.
1023 3006 1067 3070 16,
1086 3005 1129 3060 34.

290 3095 350 3150 319.
373 3096 391 3158 ¹)
411 3094 569 3162 Congruunt
590 3094 664 3148 Suid.
688 3095 845 3166 φορμίσκοι
868 3094 970 3164 (glossa
993 3087 1104 3164 φορμός
1127 3107 1162 3148 ex
1185 3096 1302 3162 utroquo
1325 3089 1418 3147 lexico

246 3181 437 3252 conglutinata
460 3182 587 3250 videtur).
615 3181 683 3237 Lex.
708 3183 970 3250 Β1111111.408,15.
994 3183 1053 3250 tubi
1076 3183 1167 3252 glossa
1185 3180 1345 3236 Aeschines
1365 3195 1416 3250 sp·

245 3273 322 3342 pieta
346 3278 401 3338 est,
426 3270 460 3325 cf.
484 3271 569 3324 schol.
589 3272 688 3325 Aesch.
713 3273 763 3326 ΙΙΙ.
788 3273 849 3340 166)
873 3271 918 3326 Et.
942 3272 981 3327 M.
1005 3271 1070 3339 798,
1089 3272 1133 3327 51.
1156 3269 1222 3325 Hcs.
1245 3268 1336 3324 Schol.
1360 3267 1416 3324 He·

246 3361 304 3414 rod.
324 3361 359 3414 11.
379 3377 405 3429 p.
424 3359 485 3414 470.
505 3359 590 3414 Stein.
610 3361 701 3415 Schol.
721 3361 793 3415 Plat.
812 3361 875 3431 Lys
894 3360 985 3415 206E.
1009 3361 1078 3416 Tim.
1098 3361 1152 3416 lox.
1172 3359 1240 3429 plat.
1260 3373 1281 3412 s.
1301 3372 1328 3416 v.
1347 3373 1416 3427 φορ-

246 3449 349 3517 μίσκος
367 3451 414 3503 Ar.
434 3449 504 3503 Plut.
524 3448 752 3519 1411117111.
772 3450 814 3505 58.
835 3449 874 3504 Cf.
893 3449 961 3504 Poll.
981 3448 1014 3503 X.
1034 3449 1094 3504 169.

336 3538 356 3606 1)
376 3537 415 3592 01.
439 3538 556 3608 Proper,
580 3538 656 3592 Stud.
680 3537 755 3607 Lips.
780 3539 812 3594 V.
837 3555 863 3607 p.
887 3539 947 3594 181.
972 3567 1007 3578 -
1030 3537 1157 3602 61ο1111,
1181 3538 1213 3591 ut
1235 3532 1417 3605 posteriorum

246 3643 304 3682 mos
323 3625 384 3693 fuit,
404 3627 566 3696 saepissime
585 3627 626 3682 ita
644 3627 766 3682 traditae
785 3631 856 3693 sunt,
876 3627 973 3682 utrix
992 3625 1150 3696 dignoscas,
1169 3623 1225 3680 utri
1245 3621 1417 3679 111111101-

246 3718 371 3772 beantur.

290 3807 351 3861 310.
373 3807 392 3871 ¹)
412 3805 481 3861 Cont
469 3809 512 3860 tra
536 3805 672 3860 Meierum
696 3821 749 3860 non
773 3804 955 3860 dubitandum
979 3809 1035 3869 111,
1060 3803 1126 3875 quin
1148 3801 1237 3858 forma
1259 3793 1367 3871 φάτρια
1390 3803 1419 3854 11

247 3895 350 3950 similia
369 3895 504 3950 servanda
523 3894 567 3961 111,
588 3893 621 3948 11.
642 3892 727 3948 Meist
729 3895 837 3957 erhans,
857 3911 882 4001 p.
902 3895 944 3950 63.
964 3894 1101 3950 1111-
1121 3893 1216 3948 Allata
1234 3889 1416 3946 doctrinata

248 3986 335 4040 currit
353 4001 397 4052 ap.
416 3984 494 4038 Eust.
475 3990 541 4052 tp.
561 3985 622 4047 707,
642 3984 684 4038 62.
704 3979 777 4037 κατὰ
795 3979 847 4052 τὴν
865 3980 1001 4056 ἱστορίαν,
1021 3983 1056 4038 cl.
1075 3983 1168 4052 Steph
1189 3982 1253 4051 Byr.
1272 3995 1299 4049 p
1318 3978 1417 4043 6713.

248 4073 342 4135 Mein,
362 4073 461 4141 quibus
481 4088 516 4127 ex
534 4072 658 4127 locis't
617 4080 658 4126 int
660 4089 690 4126 er
705 4089 734 4128 se
750 4073 924 4142 comparatis,
944 4073 1017 4127 hunc
1035 4072 1125 4128 locum
1143 4071 1179 4126 ari
1198 4054 1338 4138 ὅς’τερσν
1318 4083 1418 4136 ομοιον

248 4164 271 4215 λ.
291 4163 432 4231 pertinere
452 4163 592 4216 concludo.
618 4161 658 4216 cf.
677 4161 721 4216 Et.
742 4163 779 4216 M.
793 4163 853 4227 799,
873 4163 915 4217 28.
940 4162 1070 4216 Fortasse
1089 4164 1143 4215 huc
1161 4159 1236 4214 redit
1254 4155 1329 4214 snit.
1342 4154 1417 4225 gl..3

248 4252 278 4306 Β.
298 4252 331 4305 A.
348 4252 411 4316 313,
431 4251 474 4307 37.
494 4251 583 4306 Schol.
603 4253 650 4306 Ar.
664 4251 713 4320 Eq.
728 4252 788 4306 255.
809 4251 849 4306 01.
869 4250 957 4306 Schol.
973 4253 1020 4305 Ar.
1034 4251 1105 4306 Ran.
1124 4250 1185 4304 418.
1205 4248 1235 4303 B.
1254 4244 1362 4310 1311,
1375 4243 1417 4298 21.

338 4340 357 4407 1)
378 4340 460 4395 Certa
478 4341 634 4410 fragmenta
653 4342 690 4395 ad
708 4342 742 4396 A.
760 4341 793 4394 D.
812 4340 909 4396 reduci
931 4345 1087 4409 nequeunt,
1111 4355 1171 4394 cum
1190 4337 1268 4394 Erret.
1289 4351 1325 4391 ex
1342 4346 1417 4390 moro
