3000 5040
684 195 764 272 '72

249 367 299 432 Ad
328 366 472 450 exempla
500 387 538 432 ex
560 366 792 452 lexicographis
816 367 1013 454 (testimonio
1035 368 1257 436 atticistarnm
1278 371 1330 436 de·

159 474 301 559 perdito)
329 474 433 556 petita
459 474 629 558 procedere
657 496 720 540 non
748 475 781 540 in
809 477 915 540 animo
938 480 994 540 est
1040 474 1204 542 Nonnulla
1226 477 1332 543 Nabar

158 581 293 662 protulit
311 581 394 647 Prol.
410 580 461 644 75.
472 602 522 664 sq.
557 581 606 644 An
625 603 699 647 vero
717 581 836 647 Naberi
855 583 1043 659 coniectura,
1061 581 1244 667 fragmenta
1262 582 1332 648 Ari-

160 688 335 771 stophanea
361 688 530 752 maximam
557 693 681 772 partem
704 709 761 772 per
784 688 987 774 Tryphonem
1011 690 1055 754 ad
1075 690 1237 756 atticistos
1261 711 1332 776 pro·

159 799 276 879 pagata
305 815 385 870 esse,
413 815 488 858 vora
510 795 565 870 sit,
593 793 713 860 dubito.
762 793 826 859 Cur
848 795 933 860 enim
954 794 1002 860 illi
1025 816 1088 862 non
1111 795 1241 863 adirent
1264 797 1332 882 ipsa

159 900 403 984 Aristophanes,
428 921 499 964 cum
522 904 631 966 nostro
649 900 754 967 adhuc
776 901 902 967 saeculo
919 903 1059 985 pretiosa
1077 901 1134 968 illa
1151 901 1332 988 fragmenta

159 1012 285 1074 servata
306 1006 390 1072 sint?

248 1113 312 1180 Sed
330 1114 372 1179 ad
391 1119 512 1180 ceteros
530 1112 710 1198 Tryphonis
728 1112 827 1179 libros
846 1136 930 1180 nunc
948 1115 1174 1180 transeundum
1193 1121 1252 1183 est.
1284 1117 1331 1181 Ex

160 1220 242 1288 libro
260 1222 437 1307 περὶτῆς
455 1218 496 1285 ἐν
514 1221 694 1286 κλίσεσιν
718 1213 931 1305 ἀναλογίας
949 1220 1028 1286 haec
1046 1219 1119 1287 Aah.
1139 1220 1211 1287 VII.
1232 1222 1331 1288 299A

160 1327 212 1413 (fr.
232 1328 273 1394 21
294 1328 437 1415 Velseni)
460 1327 578 1393 adfert:
611 1323 777 1411 ἔγχελυς.
804 1324 837 1391 οἱ
855 1319 1009 1408 Ἀττικοὶ,
1036 1319 1155 1406 καθώς
1186 1323 1330 1415 Τρύφων

160 1435 241 1520 φησὶ
250 1435 290 1522 ¹),
317 1426 376 1512 τὰς
405 1426 516 1513 ἑνικὰς
541 1429 673 1520 χρήσεις
701 1429 916 1518 ἐπιστάμενοι
940 1424 994 1499 διὰ
1016 1439 1079 1499 τοῦ
1101 1443 1138 1514 τ’,
1165 1427 1227 1512 τὰς
1249 1439 1329 1521 πλη-

160 1532 325 1618 θυντικὰς
344 1533 458 1606 οὐκέτι
477 1532 680 1617 ἀκολούθως
698 1539 929 1626 προφέρουσιν
948 1539 1056 1606 multis
1074 1541 1191 1606 veteris
1208 1562 1330 1608 comoe-

160 1648 232 1713 diae
260 1647 411 1731 exemplis
439 1646 609 1712 illustrata.
638 1645 676 1770 pf.
699 1646 787 1712 Eust.
809 1669 840 1731 p.
865 1646 965 1724 1231,
987 1644 1039 1712 35.
1064 1645 1116 1730 (fr.
1142 1645 1222 1734 145)
1251 1649 1331 1734 φησὶ

159 1759 243 1839 γοῦν
274 1752 390 1830 Αιλιος
418 1749 606 1834 Διονύσιος,
639 1743 692 1819 ὅτι
725 1748 855 1838 ἔγχελυς
887 1744 927 1818 τὸ
961 1744 1089 1833 ἑνικὸν,
1123 1747 1326 1838 ἐγχέλεις
1290 1778 1328 1820 το

159 1850 407 1947 πληθυντικὸν,
430 1861 488 1924 καὶ
507 1859 668 1945 ἐγχέλεων
686 1883 730 1925 κα
731 1857 996 1944 ὶέγχέλεσιν-
1017 1858 1131 1926 Cetera
1152 1857 1331 1945 fragmenta

160 1968 368 2053 grammatica
390 1972 440 2032 sat
427 1967 564 2033 tmulta
586 1968 671 2053 apud
693 1967 851 2034 atticistas
874 1988 938 2033 non
960 1971 1134 2033 recurrunt.

249 2073 298 2137 Ex
314 2096 450 2156 φυτων
466 2071 623 2163 ιστορίᾳ
637 2079 694 2141 aut
696 2096 745 2140 ern
758 2096 778 2140 a
778 2075 919 2141 ttioistae
932 2073 1086 2140 nonnulla
1099 2073 1331 2159 deprompsisse

159 2179 315 2246 videntur.
348 2179 612 2247 Proficiscendum
631 2185 679 2247 est
701 2203 721 2246 a
740 2179 841 2248 Oram.
861 2181 919 2246 An.
939 2181 1010 2246 Par.
1028 2180 1082 2245 IV.
1100 2203 1130 2264 p.
1151 2181 1225 2247 248.
1254 2176 1331 2268 Τρά

160 2309 238 2368 φων
266 2278 532 2373 ὃΆλεξανδρεύς
560 2281 673 2373 άρτων
696 2286 774 2372 γένη
799 2285 970 2354 ἐκτίθεται
994 2281 1155 2373 διάφορα,
1182 2288 1331 2374 ζυμίτην,

160 2385 297 2476 ἄζυμον,
321 2394 543 2480 σεμιδαλίτην,
567 2392 752 2479 ἐγκρυφίαν
770 2393 828 2458 καὶ
845 2393 1052 2480 κλιβανίτην,
1076 2383 1117 2458 ὃν
1135 2395 1332 2481 κριβανίτην

160 2500 264 2581 φασὶν
286 2492 427 2566 Ἀττικοί
456 2491 510 2565 διὰ
537 2505 600 2566 τοῦ
627 2523 656 2585 ρ.
703 2500 856 2565 Doctrina
878 2499 935 2564 illa
957 2498 1057 2566 fusior
1079 2499 1165 2564 redit
1186 2521 1239 2583 ap.
1257 2499 1332 2566 Ath.

160 2606 218 2671 III
239 2606 343 2672 109B.
363 2605 414 2693 (cf
434 2607 516 2673 Vols.
535 2629 564 2691 p
585 2607 652 2694 84)
684 2605 831 2692 Nequet
832 2626 924 2672 amen
947 2606 1100 2672 Velsenus
1122 2610 1229 2671 totum
1252 2607 1331 2692 Try·

160 2712 274 2797 phonis
302 2712 514 2796 fragmentum
460 2735 585 2778 umex
612 2713 777 2780 Athenaeo
805 2713 985 2779 enucleasse
1011 2713 1099 2779 videt
1084 2717 1137 2778 tur
1169 2712 1333 2800 (equidem

160 2818 239 2884 fines
261 2818 347 2883 illius
369 2821 529 2903 usquead
552 2843 581 2904 p.
603 2820 698 2884 112F
721 2820 985 2906 propagaverim).
1016 2819 1091 2885 Sine
1113 2818 1212 2886 dubio
1236 2822 1333 2886 etiam

160 2948 190 3009 p.
212 2922 305 2990 1100
323 2915 464 2989 Ἀττικοὶ
489 2925 551 3011 μεν
580 2918 634 2991 διὰ
661 2933 724 2992 τοῦ
751 2937 771 3013 ρ
795 2927 960 3010 στοιχείου
983 2925 1116 3010 λέγουσι
1138 2927 1196 2990 καὶ
1218 2929 1332 3012 κρίβα-

161 3051 224 3095 νον
251 3031 460 3116 κριβανίτην,
484 3025 662 3118 Ἡρόδοτος
690 3024 724 3098 δ’
743 3031 780 3098 ἐν
806 3039 848 3116 τῇ
874 3028 904 3113 β
926 3070 966 3080 -
995 3032 1052 3097 καὶ
1074 3027 1237 3117 Σώφρων
1261 3037 1331 3098 κτλ.

161 3136 270 3204 Aelius
288 3137 457 3222 Dionysius
476 3144 583 3204 autem
599 3140 679 3205 haec
696 3139 798 3206 tradit
816 3138 918 3227 (Euat.
933 3161 963 3223 p.
984 3136 1079 3216 1511,
1100 3139 1165 3225 12.)
1189 3135 1333 3224 παράγει

105 3248 107 3253 ’
161 3243 218 3307 καὶ
240 3233 302 3308 τὸν
326 3244 502 3329 κρίβανον,
531 3236 567 3322 ὅς
591 3243 660 3310 ἐστι
683 3252 817 3332 κριθῶν
839 3249 964 3327 βαῦνος
986 3243 1155 3332 (τουτέστι
1177 3240 1332 3332 κάμινος)

161 3349 218 3414 καὶ
235 3340 274 3415 Ά.
295 3350 340 3430 Λ,
365 3339 402 3426 ὃς
424 3351 482 3415 καὶ
504 3352 662 3433 κλίβανος
684 3352 821 3437 λέγεται.
868 3352 921 3418 Illi
947 3351 1017 3419 loco
1042 3355 1150 3418 autem
1171 3352 1252 3418 haec
1273 3352 1332 3418 ad·

161 3455 294 3520 duntur:
328 3447 374 3532 ὡς
398 3455 434 3521 δέ
456 3461 602 3537 βαῦνος
624 3460 681 3524 καὶ
703 3451 724 3545 ἡ
748 3454 841 3524 ἑστία
864 3458 1008 3543 λέγεται,
1037 3449 1057 3522 ὅ
1084 3456 1156 3523 ἐστι
1182 3453 1332 3542 κάμινος,

162 3552 226 3643 άφ’
248 3550 301 3647 ἧς,
329 3555 375 3639 ὡς
403 3554 549 3647 άλλαχοῦ
578 3561 698 3651 ἐφάνη,
725 3566 782 3630 καὶ
805 3555 824 3629 d
847 3560 1059 3646 βάναυσος,
1086 3556 1107 3650 ἡ
1133 3556 1267 3650 Δωρικὴ
1295 3563 1332 3630 έν

162 3665 416 3755 Πελοποννήσῳ
445 3675 580 3755 γλῶσσα
605 3671 699 3757 μέχρι
726 3672 783 3735 καὶ
810 3676 874 3736 νῦν
903 3672 1005 3757 δηλοῖ.
1054 3670 1182 3736 Glossas
1208 3673 1334 3751 βαῦνσς

163 3780 195 3840 ot
217 3771 386 3855 βάναυσος
404 3776 482 3842 duas
501 3776 542 3842 ob
561 3798 670 3843 causas
689 3777 780 3842 Aelio
800 3778 950 3862 Dionysio
969 3777 1134 3844 vindicavi.
1158 3776 1230 3861 Ipse
1248 3778 1333 3843 enim

162 3885 286 3961 βαῦνος
312 3911 357 3938 =
384 3878 524 3967 κάμινος
551 3884 642 3949 dicit:
676 3885 786 3950 eadem
814 3883 981 3969 explicatio
1009 3889 1106 3968 atque
1128 3905 1226 3970 supra
1247 3884 1333 3950 redit

162 4009 212 4072 ap.
230 3987 281 4054 Et.
300 3988 342 4053 M.
364 3989 440 4066 187,
460 3989 512 4056 38.
540 3986 707 4072 βάναυσος
734 3992 858 4076 κυρίως
881 3998 947 4067 πᾶς
970 3991 1119 4077 τεχνίτης
1147 3981 1202 4054 διά
1224 3981 1334 4076 πυρὸς

164 4146 299 4216 adiungit,
311 4146 431 4202 ridicula
445 4153 515 4203 sunt.
535 4149 623 4206 Nemo
637 4148 711 4205 enim
724 4144 854 4220 ,ἑορτάν
871 4145 928 4218 μὴν
938 4144 1067 4214 Ἀττικὸς(
1077 4147 1184 4205 audivit
1193 4147 1231 4204 cf.
1243 4149 1333 4204 Lentz

164 4235 200 4291 ad
217 4235 284 4291 Her.
297 4236 319 4290 I.
334 4236 377 4304 37,
393 4238 417 4291 1.
431 4240 487 4292 not.

254 4324 275 4394 ¹)
293 4324 384 4381 Aliter
402 4324 577 4382 Herodianus
600 4325 737 4384 iudicasse
756 4326 865 4384 videtur
889 4325 923 4384 cf.
937 4327 973 4382 II.
986 4345 1013 4398 p.
1027 4327 1091 4392 760,
1105 4325 1219 4382 10-16.
1232 4325 1331 4382 Lenta.
