3000 5040
723 243 765 306 70

159 405 246 468 Eust.
265 427 294 488 p.
316 403 410 479 1417,
430 402 481 467 20.
504 389 585 487 ἦδος
595 402 621 486 1)
646 399 682 466 δὲ
705 391 745 466 τὸ
769 400 830 485 μὲν
854 393 977 482 ὄφελος
999 404 1159 484 ψιλοῦσιν
1182 399 1217 467 οἱ
1241 403 1334 467 πλεί-

161 534 229 589 ους,
249 502 295 586 ὡς
312 507 552 593 μεταπλασθέν
572 507 609 572 ἐκ
627 515 686 593 τῆς
703 500 827 593 ἡδονῆς
845 505 891 585 εἰς
908 516 1076 591 τροχαῖον,
1100 505 1157 573 cat
1177 507 1215 574 δὲ
1236 501 1336 590 ὄξους

160 611 372 680 δασύνουσιν.
406 614 522 691 Αἴλιος
544 621 628 698 γοῦν
646 608 821 689 Λιονύσιός
840 629 953 699 φησιν·
977 601 1072 699 ἦδος
1094 605 1133 679 τὸ
1158 607 1253 696 ὄξος·
1278 616 1334 681 δα·
1366 677 1369 684 .

161 717 319 787 σύνουσιν
348 718 381 786 οἱ
403 713 544 786 Ἀττικοὶ
573 760 613 768 -
642 720 835 796 Παυσανίας
864 719 900 783 δὲ
928 709 1050 799 εἰπών,
1082 709 1136 785 ὅτι
1164 707 1262 806 ἦδος·
1293 713 1332 786 τὸ

160 821 283 910 ὄφελος
301 829 357 892 καὶ
375 819 416 893 τὸ
436 821 513 908 ὄξος
531 819 632 891 ου’δέν
649 849 682 890 τι
704 827 782 911 περὶ
800 821 1004 909 πνευμάτων
1024 820 1096 911 ἔφη.
1132 827 1213 892 Rem
1234 825 1332 892 fuisse

159 935 391 1001 controversiae
419 932 586 998 obnoxiam
612 931 763 998 Velsenus
789 932 808 997 l.
833 931 853 997 l.
879 936 1026 998 accurate
1053 932 1197 1016 exponit:
1231 932 1331 998 Hero-

160 1041 309 1126 dianus²)
338 1041 421 1106 enim
449 1038 566 1126 (Schol.
590 1037 693 1122 Apoll.
716 1037 819 1104 Rhod.
842 1038 867 1103 Ι.
893 1037 988 1104 1294.
1012 1037 1239 1105 An.Par.lll.
1261 1038 1331 1116 144,

160 1148 218 1233 23)
242 1147 349 1214 omnia
370 1151 484 1212 neutra
507 1145 669 1211 trochaica
696 1144 729 1208 in
757 1167 795 1222 ος
821 1141 966 1209 finientis
991 1144 1106 1228 spiritu
1128 1143 1194 1210 leni
1216 1145 1281 1222 uti,
1306 1145 1331 1210 si

159 1254 262 1337 prima
279 1253 394 1320 vocalis
413 1253 608 1337 producitur,
626 1249 773 1316 affirmat.
797 1250 835 1316 cf.
855 1249 943 1315 Suid.
962 1271 985 1314 s.
1005 1271 1031 1315 v.
1050 1236 1147 1335 ἦμαρ.
1181 1250 1330 1335 Tryphon

159 1366 266 1425 autem
288 1348 369 1445 ἦδος
391 1358 488 1425 scribi
510 1357 609 1435 iubet,
632 1358 717 1440 quod
739 1356 781 1422 ab
804 1348 947 1442 ἥδεσθαι
965 1355 1174 1422 derivandum
1197 1357 1248 1423 sit
1284 1357 1331 1421 Ex

160 1467 372 1531 atticistarum
394 1465 463 1531 loco
486 1470 632 1548 apparet:
659 1463 692 1548 1)
715 1452 796 1549 ἦδος
818 1462 937 1546 duplici
955 1460 1186 1546 significatione
1205 1462 1330 1530 adhibi·

159 1578 228 1637 tum
251 1572 346 1637 fuisse
370 1564 509 1657 (ὄφελος
531 1575 564 1634 et
588 1563 664 1650 ὄξος
673 1570 724 1656 1).)
784 1569 798 1654 )
821 1569 1011 1634 Pausaniam
1033 1568 1182 1652 spiritum
1205 1569 1330 1634 minime

160 1684 323 1743 curantem
341 1682 508 1760 utramque
527 1676 769 1760 explicationem
787 1673 965 1759 protulisse.
1004 1673 1039 1760 3)
1057 1673 1125 1740 Ael.
1144 1674 1238 1740 Dion.
1258 1668 1330 1756 ὄξος

159 1790 285 1850 tantum
307 1783 487 1866 protulisse,
509 1803 617 1848 vocem
640 1782 755 1866 spiritu
778 1801 890 1865 aspero
914 1781 1089 1847 ornandam
1112 1800 1182 1847 esse
1204 1781 1330 1848 iussisse

161 1884 302 1957 atroces
320 1882 499 1976 ἦδυλίζειν,
518 1883 697 1976 ἦδυλισμός
716 1888 905 1954 adiunxisse.
935 1887 1062 1952 Dixeris
1080 1886 1228 1965 fortasse,
1246 1893 1328 1954 rete-

161 2018 213 2062 res
231 1998 278 2061 ita
296 2017 387 2062 voces
410 1996 495 2061 inter
517 2016 551 2060 se
574 1993 744 2061 artificiose
768 1993 959 2071 distinxisse,
981 1997 1018 2058 ut
1034 1982 1116 2079 ἦδος
1134 2021 1181 2050 =
1200 1986 1329 2078 ὄφελος,

160 2091 242 2190 ἦδος
264 2129 307 2159 =
331 2096 408 2182 ὄξος
431 2123 500 2168 esse
518 2101 673 2168 iuberent.
707 2101 795 2180 Quae
813 2100 920 2185 opinio
942 2101 1007 2166 iam
1029 2099 1104 2165 inde
1127 2099 1225 2178 cedit,
1248 2099 1330 2184 qnod

159 2197 240 2294 ἦδος
267 2240 309 2265 =
339 2202 416 2289 ὄξος
443 2230 491 2293 ap.
516 2207 594 2274 Poll.
618 2208 671 2274 VI.
695 2207 745 2272 65.
770 2207 845 2272 Ath.
869 2207 909 2274 ΙΙ.
934 2207 1048 2293 6le
1082 2211 1264 2272 occurrunt.
1291 2245 1330 2256 -

160 2314 270 2381 Aelius
292 2315 461 2399 Dionysius
484 2315 584 2398 igitur
606 2314 708 2380 solum
729 2302 823 2399 ἦδος·
848 2306 924 2393 ὅξος
947 2312 1082 2398 protulit
1104 2318 1137 2378 et
1158 2313 1331 2380 secundum

160 2419 362 2505 Tryphonem
385 2423 499 2506 spiritu
522 2441 634 2505 aspero
658 2421 793 2504 scripsit.

249 2527 441 2593 Dubitanter
455 2528 496 2593 ad
515 2527 716 2612 Tryphonem
733 2525 911 2591 rettulerim
930 2524 968 2591 ir.
984 2525 1068 2601 316.
1086 2523 1144 2590 ubi
1162 2524 1333 2591 scholiasta

161 2633 347 2699 Homericus
376 2635 467 2719 (Van.
491 2634 543 2720 A.)
572 2639 604 2698 et
631 2633 699 2698 Ael.
722 2633 830 2698 Dion:
863 2633 1028 2713 φίλιππος
1058 2629 1120 2714 μὲν
1148 2636 1208 2716 τῆς
1234 2630 1333 2716 μέσης

162 2739 388 2827 δασυνομένης
409 2732 450 2805 τὸ
474 2730 723 2826 προσηγορικὸν
748 2775 788 2785 -
818 2738 945 2815 δασέως
969 2736 1004 2803 δὲ
1029 2728 1048 2802 ὃ
1071 2732 1253 2803 Μακεδών.
1296 2736 1331 2802 cf.

161 2844 234 2911 Ath.
253 2845 307 2909 IX.
322 2869 351 2930 p.
366 2847 483 2924 397Ε,
501 2848 556 2930 qui
575 2845 774 2930 Tryphonem
793 2846 832 2911 de
851 2844 966 2928 spiritu
984 2842 1168 2911 intercalari
1186 2849 1332 2929 agentem

160 2950 279 3016 laudat.
311 2952 407 3016 Illum
425 2953 533 3018 afferri
551 2959 639 3036 puto,
657 2952 743 3035 quod
766 2951 937 3016 scholiasta
954 2950 1097 3035 regulam
1115 2949 1205 3016 illam
1223 2955 1332 3018 contra

160 3055 335 3122 Herodiani
359 3058 539 3142 opinionem
561 3078 703 3141 pugnare
725 3062 870 3123 testatur.

249 3162 341 3228 Alter
368 3165 436 3229 eius
462 3165 545 3229 liber
571 3163 636 3230 fuit
660 3164 749 3249 περὶ
772 3154 940 3249 Ἀττικῆς
966 3163 1211 3249 προσῳδίας,
1239 3183 1332 3248 quem

161 3268 321 3334 atticistae
344 3291 569 3353 nonnunquam
592 3270 709 3337 adiisse
731 3269 886 3336 videntur.

249 3374 286 3439 ir.
306 3376 335 3440 9.
360 3375 516 3463 (Ammon.
535 3400 565 3461 p.
585 3376 652 3465 68).
680 3368 877 3460 θαλαμὰς,
901 3367 947 3452 ὡς
965 3366 1107 3459 α’γαθὰς,
1129 3375 1188 3441 καὶ
1206 3371 1332 3442 θαλά-

253 3553 273 3618 ¹)
292 3552 363 3607 Cave
383 3569 444 3609 cum
463 3553 583 3610 Velseuo
602 3554 677 3610 Sext.
695 3553 776 3622 Emp.
794 3569 821 3622 p.
840 3552 901 3621 612,
915 3554 957 3608 10.
975 3552 1063 3607 Bekis.
1082 3537 1150 3620 ἦδος
1167 3567 1266 3608 rocem
1283 3551 1331 3609 ad·

161 3639 285 3695 hibuisse
304 3647 393 3710 putes.
430 3643 517 3696 Immo
540 3647 583 3696 est
606 3630 624 3710 ἦ
643 3637 670 3694 δ’
691 3629 722 3704 ὃς
740 3641 832 3710 glossa
849 3638 992 3695 Platonica
1015 3639 1050 3695 cf.
1064 3638 1135 3694 Mill.
1148 3640 1216 3695 Mel.
1227 3657 1256 3711 p.
1270 3641 1332 3696 399.

251 3729 272 3796 ²)
290 3729 480 3785 Herodianum
498 3730 568 3784 Orus
592 3730 729 3798 sequitur,
753 3728 778 3783 si
800 3731 878 3784 recte
896 3728 1225 3797 transmutasse.
1245 3727 1333 3786 conf.

161 3805 227 3882 ἦδος
250 3817 361 3887 legitur.
398 3819 501 3886 Locus,
521 3818 568 3887 qui
591 3818 772 3888 respondeat,
796 3817 825 3871 in
844 3817 888 3871 Et.
902 3816 971 3872 (iud.
986 3816 1072 3872 deest.
1110 3816 1244 3886 Legimus
1268 3833 1333 3874 vero

162 3919 183 3958 s.
200 3922 225 3959 v.
243 3898 313 3976 ἄδην
331 3909 357 3974 8,
374 3907 417 3962 30.
436 3895 510 3974 ἦδος,
528 3937 564 3946 -
582 3907 671 3962 Locus
690 3901 871 3976 παράλληλος
888 3905 918 3959 in
930 3905 975 3960 Et.
989 3904 1034 3960 Or.
1049 3904 1110 3971 118,
1125 3905 1178 3976 14.,
1198 3895 1268 3974 ἦδος
1285 3922 1333 3962 ex·

161 3992 270 4060 bibens,
289 3996 326 4050 ad
343 3995 491 4050 Philoxeni
509 3996 704 4050 auctoritatem
722 3998 861 4064 provocat.

250 4081 273 4150 ⁸)
291 4082 325 4138 cf.
344 4084 409 4139 Ath.
427 4085 464 4138 II.
482 4085 564 4151 stu,
593 4084 665 4139 unde
693 4083 775 4138 holus
799 4081 1011 4152 significationis
1034 4085 1176 4138 auctorem
1199 4083 1334 4151 Schmidt,

163 4169 212 4238 Qu.
225 4171 259 4225 H.
274 4188 301 4241 p.
315 4173 435 4227 LXXIII
454 4173 629 4243 Pamphilum
648 4173 777 4228 evincere
796 4171 910 4227 studuit.

250 4259 274 4329 ⁴)
292 4261 416 4316 Atticam
439 4276 533 4316 vocem
557 4276 618 4317 esse
636 4260 680 4315 illi
702 4259 852 4317 affirmant.
889 4259 959 4314 Orus
979 4259 1160 4331 CyrenaIcam
1182 4275 1335 4331 agnoscere

162 4347 272 4421 putavit
290 4348 325 4407 cf.
338 4350 383 4408 Et.
396 4351 433 4409 Μ.
447 4356 476 4408 et
493 4351 539 4407 Et.
552 4350 597 4406 Or.
611 4351 629 4405 l.
644 4350 663 4406 1.
