3000 5040
339 1114 396 1198 llx
423 1115 667 1199 Praefatione
693 1117 797 1200 loni
824 1116 1009 1219 Dionysii.

177 1310 349 1377 Eustath.
373 1334 404 1394 p.
428 1311 507 1388 368,
531 1312 619 1398 291).
651 1315 777 1399 Καρῶν
804 1308 902 1389 πόλις
927 1301 970 1399 ἦν
993 1315 1049 1378 καὶ
1071 1306 1256 1399 ἦἉλικαρ-

87 1407 227 1496 νασσὸς,
256 1415 291 1496 ἐξ
312 1405 351 1502 ἧς
373 1408 506 1504 ὥρμητο
531 1417 669 1495 Αίλιος
692 1415 900 1495 Διονύσιος
920 1411 1258 1504 Ἁλικαρνασσεὺς,

87 1515 181 1589 καθά
205 1525 303 1610 δηλοῖ
323 1515 435 1603 αὐτὸς,
458 1522 499 1590 ἐν
523 1520 581 1602 οἷς
603 1527 695 1610 περὶ
712 1517 896 1590 Ἀττικῶν
916 1517 1125 1609 ὀνομάτων
1150 1528 1257 1592 διαλε-

85 1625 229 1713 γόμενος
251 1629 338 1714 λέγει
357 1622 398 1694 οὕ
416 1633 528 1715 Κᾶρας
548 1626 633 1695 εἶναι
651 1623 731 1708 τοὺς
748 1623 1020 1716 Ἁλικαρνασσεῖς,
1043 1624 1127 1698 άλλὰ
1144 1623 1257 1719 Ἕλλη-

86 1759 149 1813 νας
171 1737 307 1822 Δωριεῖς
329 1744 401 1802 τῶν
424 1730 685 1824 ἀποικησάντων
708 1738 866 1822 Δωριέων
884 1741 1025 1823 Καρίαν,
1049 1729 1068 1803 ὃ
1091 1741 1148 1804 καὶ
1164 1732 1257 1826 Ἀθη-

86 1855 178 1908 ναῖοι
195 1839 396 1929 ποιήσαντες
414 1845 471 1908 καὶ
495 1842 541 1921 εἰς
559 1846 689 1929 Καρίαν
707 1841 923 1930 κατάραντες,
947 1833 997 1909 ῶν
1015 1833 1092 1931 ἦρχε
1111 1838 1258 1926 Νειλεὺς,

86 1945 189 2014 πόλιν
199 1942 383 2036 Ἑλληνίδα,
402 1952 531 2036 φησὶν,
551 1949 588 2016 ἐν
607 1943 690 2034 αὐτῇ
708 1953 861 2038 Μίλητον
880 1948 1181 2033 κατεσκευάσαντο,
1201 1945 1257 2035 ἐφ’

87 2049 139 2131 οἷς
167 2048 247 2132 τοὺς
273 2051 450 2133 τοιούτους
478 2058 614 2143 Δωριεῖς
642 2053 806 2142 σεμνύνας
833 2059 890 2122 καὶ
916 2060 996 2142 μίαν
1024 2066 1082 2144 τῆς
1108 2057 1145 2123 ἐν
1170 2051 1258 2146 Ἀσίᾳ

87 2157 282 2242 ἓξαπόλεως
309 2163 366 2226 καὶ
393 2153 455 2248 τὴν
477 2155 735 2248 Ἁλικαρνασσὸν
764 2156 870 2228 είπών
898 2159 999 2244 εἶναι,
1031 2160 1146 2249 ἐπάγει
1173 2157 1258 2249 πρὸς

86 2273 138 2352 τῶ
161 2266 263 2348 τέλει,
291 2259 344 2333 ὅτι
367 2260 468 2333 οὐδὲν
491 2261 533 2333 dv
561 2268 641 2347 ἴσως
664 2266 778 2352 κωλύῃ
802 2271 859 2334 καὶ
882 2269 919 2334 ἐν
942 2271 1051 2358 Καρία
1075 2265 1160 2334 εἷναί
1182 2293 1258 2335 τινα

80 2366 232 2460 Ἀττικὴν
255 2366 375 2461 φωνὴν
402 2377 459 2440 καὶ
482 2374 519 2440 ἐν
541 2390 614 2452 ταῖς
630 2368 783 2462 Ἀθήναις
805 2367 993 2462 Καρικὴνλ)
1022 2367 1142 2462 φωνὴν
1158 2368 1257 2441 Ἀττι-

86 2471 162 2567 κὴν,
187 2488 314 2564 σεμνῶς
338 2473 444 2547 είπάνν
467 2474 529 2568 τὴν
554 2478 676 2548 ἑαυτοῦ
685 2484 721 2569 ³).

180 2714 199 2779 ¹)
218 2714 296 2767 Haee
319 2713 411 2766 omnia
436 2728 470 2766 ex
489 2711 629 2782 prooemio
651 2710 743 2779 operis
761 2710 925 2782 Dionysiani
943 2710 1056 2764 fluxisse
1076 2715 1194 2779 apparet
1212 2710 1257 2777 (ef.

87 2802 182 2857 Cobet.
195 2801 329 2856 Mnemos.
344 2802 378 2854 X.
393 2802 446 2869 52).
475 2800 558 2855 Nullo
572 2800 646 2854 enirn
660 2799 716 2854 allo
730 2800 790 2853 loeo
804 2800 904 2854 melius
919 2799 1082 2868 disputaret,
1103 2815 1141 2864 se,
1163 2814 1257 2867 quam-

87 2890 129 2944 vis
148 2890 432 2956 Halicarnassensem‚
452 2889 554 2959 optime
568 2889 602 2944 de
615 2889 735 2943 dialecto
748 2889 835 2943 attica
854 2889 995 2958 disputare
1014 2904 1096 2957 posse
1115 2891 1144 2942 et
1164 2886 1257 2956 dispu-

86 2983 211 3033 taturum
231 2995 299 3034 esse.
318 3010 352 3018 -
371 2979 414 3032 De
433 2979 540 3049 mytho,
565 2980 601 3033 ad
620 2994 701 3047 quem
720 2977 836 3045 adlusit,
861 2977 895 3031 cf.
912 2978 1013 3032 Conon.
1032 2993 1092 3046 cap.
1106 2977 1148 3031 47.
1163 2976 1257 3046 Polyb.

88 3069 162 3124 XVI.
176 3068 219 3122 12.
236 3067 328 3133 Grote,
342 3067 414 3122 Hist.
428 3068 526 3122 Graec.
543 3069 578 3121 ΙΙ.
591 3084 618 3135 p.
634 3068 694 3123 156.
707 3098 743 3106 —
755 3067 793 3122 Ut
805 3065 908 3134 statim,
922 3082 976 3135 qua
990 3065 1098 3121 ratione
1113 3065 1258 3134 episeopus

86 3157 117 3211 in
136 3157 319 3226 excerpendis
338 3155 470 3211 atticistls
489 3173 555 3210 usus
574 3157 619 3224 sit,
639 3172 795 3224 cognoscas,
815 3160 899 3211 antea
913 3156 1073 3224 episcopum
1092 3155 1126 3209 de
1144 3169 1257 3222 prover-

86 3245 133 3300 bio
156 3245 208 3298 τίω
227 3241 258 3298 ds'
276 3263 325 3312 μιν
345 3241 376 3299 ἐν
395 3240 511 3316 Καρὸς
533 3243 599 3313 οἷος
623 3251 652 3298 et
675 3245 709 3299 de
733 3245 826 3316 δίρκοι
848 3243 1028 3311 (cf.fr.131)
1051 3259 1117 3298 voce
1137 3241 1258 3298 Carica

87 3333 191 3403 egisse,
215 3340 278 3403 post
301 3334 392 3388 locum
416 3339 508 3388 antem
533 3350 567 3388 ex
591 3333 731 3389 atticistae
756 3333 865 3388 seriniis
889 3333 1080 3402 depromptum
1104 3333 1205 3385 iterum
1224 3331 1258 3383 de

86 3418 153 3494 κάρ
158 3425 245 3493 βανες
259 3428 288 3476 et
302 3418 459 3493 κάρδακες
472 3422 584 3478 vocibus
600 3426 629 3477 et
643 3423 677 3477 de
692 3423 841 3492 proverbio
858 3418 889 3477 ἐν
900 3422 989 3493 Καρὶ
1003 3417 1054 3476 τὸν
1069 3421 1200 3475 κίνδυνον
1210 3434 1257 3473 ex-

86 3511 213 3581 posuisse
232 3527 329 3567 moneo
348 3511 383 3566 ef.
396 3513 468 3566 Prol.
481 3528 508 3580 p.
522 3512 564 3566 26.
578 3513 621 3567 31.

180 3601 201 3670 ²)
220 3601 263 3654 De
278 3600 403 3669 vestigiis
419 3599 532 3668 Carinis,
553 3616 623 3669 quae
643 3616 687 3670 ap.
701 3599 886 3654 Athenienses
901 3598 1086 3663 inveniuntur,
1107 3596 1141 3651 cf.
1156 3597 1257 3651 Herod.

87 3691 120 3746 V.
136 3691 178 3744 62.
192 3689 282 3744 Strab.
297 3706 324 3758 p.
338 3689 399 3744 397.

177 3775 199 3844 ⁸)
217 3777 326 3832 Usener
345 3778 469 3845 (Jahrbb.
483 3777 536 3831 vol.
551 3778 611 3832 140.
624 3794 650 3846 p.
669 3777 721 3832 387
737 3779 786 3845 sq.)
805 3775 835 3830 in
849 3775 883 3830 fr.
897 3776 980 3840 1372,
1000 3776 1073 3842 quod
1091 3775 1166 3828 Max.
1185 3773 1258 3826 Trou

86 3865 115 3919 in
135 3865 231 3921 codiee
249 3866 415 3921 Plutareheo
434 3872 610 3935 reppererat,
636 3867 719 3920 verba
742 3867 857 3920 obseura
880 3860 924 3932 (οὐ
948 3857 1072 3932 δύσερίς,
1098 3877 1179 3930 φησι,
1205 3858 1258 3915 οὐκ

87 3950 225 4025 ἐριστικά)
248 3955 290 4010 ita
315 3954 456 4024 explicare
479 3955 598 4022 studuit,
623 3958 654 4009 ut
672 3953 724 4008 toti
744 3953 822 4022 operi
840 3951 1010 4023 Dionysiano
1029 3950 1154 4021 praefixa
1172 3949 1257 4004 fuisse

87 4051 116 4097 et
135 4059 242 4098 versum

177 4129 210 4186 οὐ
229 4127 344 4204 δύσερις
363 4121 430 4202 (ἥδε
443 4131 555 4204 βίβλος)
577 4127 629 4186 οὐκ
649 4125 776 4200 ἐριστική

86 4221 188 4276 inillis
207 4221 300 4277 verbis
319 4221 408 4276 latere
428 4223 616 4276 contenderet.
652 4221 728 4288 Quae
749 4217 909 4273 coniectura
926 4233 982 4271 non
1000 4217 1060 4272 veri
1079 4215 1177 4271 similis
1197 4231 1258 4270 esse

86 4311 204 4366 videtur.
232 4313 274 4366 Ae
293 4310 412 4381 primum
432 4308 506 4365 enim
523 4310 596 4364 tales
613 4308 852 4378 praescriptiones
871 4307 1023 4362 lonicorum
1043 4305 1155 4361 aliunde
1174 4305 1257 4374 plane

1006 4395 1044 4453 6*
