3000 5040
787 295 850 359 134

231 446 346 532 ναικὸς
363 445 539 539 Ἀθηναίας
561 449 832 539 προεδηλώθηῧ).
867 443 919 519 ὅτι
943 452 978 518 δέ
1002 453 1081 518 θεία
1104 452 1190 534 λέξις
1212 446 1233 540 ή
1256 449 1404 540 Αάειρα

231 563 328 648 δηλοῖ
353 553 372 625 δ
401 556 575 645 elaeod-
607 555 751 643 Αάειραν
778 555 967 646 Φερεκύδης
994 559 1046 642 (fr.
1072 561 1120 624 11.
1145 560 1248 646 Miill.)
1277 558 1409 646 ίστορεῖ

230 659 361 752 Στυγὸς
380 657 539 751 άδελφήν,
557 666 613 730 καὶ
633 662 732 746 ἔοικέ,
751 682 883 752 φησιν,
903 656 1010 742 ούτας
1030 662 1124 749 ἐ’χειν.
1150 665 1205 730 ἐπὶ
1223 657 1284 751 γάρ
1300 660 1406 751 ὑγρᾶς

232 769 346 850 ούσίας
372 768 553 838 τάττουσιν
581 770 613 837 οἱ
640 774 779 837 παλαιοὶ
802 764 864 858 τήν
886 768 1044 857 Αάειραν,
1073 764 1125 837 διὸ
1152 774 1210 837 καὶ
1237 775 1404 857 πολεμίαν

205 889 272 965 erpi
298 876 444 966 Δήμητρι
471 880 671 963 νομίζουσιν.
706 869 789 944 ὅταν
816 871 878 964 γάρ
902 874 1027 964 θύηται
1050 871 1148 962 αύτή,
1176 871 1218 944 ού
1240 875 1406 965 πάρεστιν

231 981 251 1075 ή
274 983 444 1073 Δήμητρος
472 982 574 1070 ἱέρεια
600 986 658 1050 καὶ
685 977 763 1051 ούδὲ
791 992 863 1050 τῶν
890 984 1089 1068 τεθυμένων
1116 981 1276 1070 γεύεσθαι
1300 977 1407 1072 αύτήν

232 1088 336 1160 ὅσιον.
373 1087 512 1175 φαύλους
543 1079 606 1156 οὖν
639 1084 658 1157 ὁ
690 1087 890 1178 Φανόδημος
918 1091 969 1176 (fr.
995 1093 1046 1156 214
1070 1092 1174 1178 Miill.)
1201 1084 1408 1180 Ἀφροδίτην,

231 1201 340 1287 φησὶ,
367 1199 494 1282 νομίζει
521 1189 584 1284 τήν
607 1193 750 1282 Αάειραν
777 1199 835 1262 καὶ
863 1189 925 1284 τήν
950 1189 1054 1284 αύτήν
1077 1204 1118 1281 τῇ
1140 1194 1285 1286 Δήμητρι
1307 1199 1406 1283 λέγει.

232 1304 290 1373 ἐ’τι·
305 1306 341 1371 δὲ
364 1300 568 1389 φαυλότεροι
596 1301 629 1370 οἱ
651 1295 713 1390 τήν
729 1295 830 1389 Ἥραν
855 1300 991 1389 δάειραν
1013 1311 1072 1391 τῆς
1093 1301 1265 1391 Δήμητρος
1287 1297 1407 1372 άποδι-

193 1439 220 1478 1o
235 1410 360 1489 δόντες.
395 1407 524 1495 δάειρα,
548 1406 625 1495 γάρ,
654 1427 789 1492 φασιν,
812 1404 833 1497 ή
855 1418 919 1476 τοῦ
942 1403 1064 1495 άνδρός
1087 1403 1224 1498 άδελφή.
1256 1411 1346 1489 τινὲς
1370 1412 1408 1478 δὲ

235 1516 368 1602 φύλακα
391 1513 608 1603 Περσεφόνης
636 1508 703 1582 ὑπὸ
727 1515 934 1594 Πλούτωνος
961 1510 1206 1604 άποδειχθήναί
1234 1535 1317 1600 φασι
1344 1511 1408 1604 τήν

234 1623 385 1710 Δάειραν.
423 1623 562 1700 Αἴλιος
584 1623 699 1707 μέντοι
721 1617 932 1701 Διονύσιος
954 1626 1102 1709 Δαϊραν
1125 1620 1266 1709 γράφων
1295 1625 1408 1690 δισυλ-

235 1728 346 1813 λάβως
368 1738 430 1816 τῆν
453 1725 596 1815 Αάειράν
621 1746 736 1816 φησιν,
765 1721 818 1795 ὅτι
846 1728 879 1795 οἱ
906 1732 984 1816 περὶ
1006 1722 1142 1807 τελετάς
1164 1732 1221 1795 καὶ
1243 1727 1409 1817 μυστήρια

162 1910 164 1913 ,
235 1832 297 1925 τήν
329 1829 434 1923 ύγράν
462 1830 581 1902 ούσίαν
609 1837 728 1922 δαῑραν
756 1828 988 1920 ὀνομάζουσιν.
1013 1877 1054 1886 -
1082 1829 1102 1922 ή
1132 1837 1168 1902 δὲ
1196 1833 1408 1924 εἴνάτειρὸ)
1483 1824 1488 1829 ’

325 2103 347 2173 ³)
366 2103 400 2160 cf.
419 2102 453 2157 fr.
472 2103 515 2158 81.
535 2118 569 2157 ex
588 2102 692 2157 eisdem
711 2101 832 2157 fontibus
852 2101 1015 2158 derivatum.

325 2192 345 2259 4)
365 2194 514 2247 Auctorem
537 2191 644 2260 glossae
668 2191 841 2246 accuratiore
863 2190 989 2246 doctrina
1011 2190 1134 2246 refertae
1158 2191 1218 2246 sinc
1242 2193 1326 2248 dubio
1351 2195 1410 2248 Ae·

236 2281 304 2337 lium
317 2280 479 2351 Dionysium
492 2295 633 2348 agnosces,
652 2295 712 2335 cum
728 2279 850 2334 eiusdem
870 2281 956 2335 verba
974 2279 1017 2334 bis
1035 2281 1157 2349 repetita
1176 2279 1290 2348 habeas,
1310 2280 1346 2346 cf.
1362 2281 1407 2336 in·

236 2371 281 2426 iro
299 2373 328 2425 et
346 2369 419 2440 apud
436 2368 514 2423 Euat.
534 2385 560 2437 p.
579 2369 640 2431 456,
661 2368 702 2422 13.
726 2363 801 2422 κατὰ
820 2367 849 2422 δὲ
869 2363 919 2422 τὸν
938 2356 1038 2436 ὅμοιον
1056 2364 1165 2439 τρόπον
1184 2369 1279 2439 (atque
1300 2369 1410 2442 Καῖρα)

236 2462 285 2515 καί
304 2453 410 2529 Αάειρα
429 2452 503 2512 κατὰ
517 2451 636 2511 Αἴλιον
655 2453 840 2511 Διονύσιον
859 2453 903 2510 διδι
917 2460 969 2511 τοῦ
988 2477 997 2510 ι
1015 2454 1128 2528 γραφὲν
1142 2452 1214 2528 πρός
1232 2473 1325 2524 τινοιν,
1346 2451 1411 2514 εἶτα

237 2545 410 2616 συναιρεθὲν
433 2542 609 2617 δισυλλάβως
631 2538 688 2600 ὑπὸ
713 2543 843 2600 Ἀττικῶν
866 2547 957 2617 Ααῖρα
980 2540 1158 2613 ὀνομάζεται.
1187 2535 1223 2615 ἢν
1246 2543 1289 2610 δέ,
1311 2563 1409 2617 φησι,

237 2632 328 2707 μήτηρ
349 2633 515 2699 Ἐλευσῖνος.
540 2635 585 2704 (cf.
604 2635 730 2703 Apollod.
750 2635 771 2688 Ι.
791 2635 821 2700 5,
840 2635 875 2699 2).
902 2634 1010 2690 Nomen
1034 2640 1063 2689 et
1085 2650 1201 2690 munera
1223 2635 1327 2692 Dairae
1352 2637 1411 2692 iem

160 2751 162 2755 ·
236 2726 345 2796 pridem
357 2724 442 2779 fuisse
455 2724 616 2779 oblitterata
632 2739 667 2778 ex
680 2723 790 2778 diversa
802 2727 927 2777 veterum
942 2723 1069 2779 doctrina
1081 2730 1207 2794 apparet.
1237 2726 1295 2780 lam
1310 2725 1411 2794 quinta

236 2815 355 2884 (Ααῖραν
374 2838 409 2858 --
427 2813 631 2882 Proserpinam)
650 2814 767 2867 accedat
785 2813 821 2867 ad
841 2815 971 2880 quattuor
988 2812 1052 2867 illas
1072 2813 1106 2867 ab
1126 2813 1251 2868 atticista
1269 2815 1410 2884 prolatas:

237 2904 326 2959 Schol.
350 2903 442 2972 Apoll.
465 2902 553 2957 Rhod.
578 2903 626 2956 Ill.
650 2902 711 2956 847,
736 2901 828 2956 Tzetz.
853 2903 889 2956 ad
913 2901 1048 2971 Lycophr.
1076 2903 1137 2958 710.
1160 2902 1205 2956 Et.
1225 2919 1260 2958 m.
1279 2903 1346 2972 244,
1365 2903 1410 2960 34.

237 2993 350 3062 Gregor.
371 2991 430 3046 Gor.
450 2992 493 3044 ed.
512 2989 635 3045 Schtier.
654 3008 681 3059 p.
702 2991 762 3045 679.
782 2991 842 3044 910.
866 2989 954 3058 poff.
974 2991 1033 3044 Att.
1053 2989 1167 3046 Geneal.
1187 3009 1213 3060 p.
1233 2992 1276 3048 95.
1305 2994 1410 3049 Aesch.

237 3080 342 3136 frast.
362 3079 469 3135 Nauck.
491 3109 523 3117 -
542 3078 650 3133 Eadem
668 3078 742 3133 vocis
765 3077 854 3133 forma
877 3079 997 3134 recurrit
1018 3095 1061 3148 ap.
1082 3080 1149 3134 Hes.
1169 3081 1272 3151 Ααῑρα·
1300 3072 1317 3148 ἢ
1338 3075 1410 3150 αὐτή

237 3170 273 3238 τῇ
292 3168 397 3241 Ααείρηι
417 3167 451 3222 cf.
471 3168 557 3236 Harp.
571 3198 607 3207 —
626 3166 775 3237 δαειρίτης,
794 3167 841 3235 qui
859 3167 889 3221 in
908 3167 1046 3238 mysteriis
1065 3184 1180 3223 munere
1199 3168 1293 3238 aliquo
1310 3168 1411 3239 iunge·

237 3258 328 3322 batur,
347 3272 391 3325 ap.
412 3255 479 3310 Poll.
499 3257 520 3311 I.
540 3257 582 3312 35.

327 3346 347 3410 ⁵)
366 3345 443 3413 Quae
466 3345 592 3400 doctrina
614 3343 723 3398 nomine
747 3343 888 3398 atticistae
911 3345 972 3414 ipso
995 3348 1095 3400 ornata
1116 3345 1237 3401 recurrit
1254 3361 1300 3416 ap.
1320 3345 1409 3402 cram.

238 3434 342 3488 Anecd.
362 3433 423 3487 Par.
439 3433 489 3487 ΙΙΙ.
508 3434 569 3488 220.
597 3426 693 3497 Αἴλιος
711 3431 741 3487 δέ
761 3434 791 3486 Α.
808 3423 882 3487 σύτο)
902 3428 1017 3504 φράζει·
1038 3429 1195 3506 είνατέρες.
1215 3430 1245 3488 oi
1264 3431 1312 3489 ἐπὶ
1329 3429 1411 3490 ἀδελ-

238 3529 304 3592 φοῖς
322 3517 489 3590 σύννυμφοι.
510 3522 598 3577 Schol.
613 3521 748 3590 Lipsiens.
762 3522 799 3576 ud
811 3523 841 3579 Z.
854 3523 915 3577 378.
935 3515 1032 3586 Αἴλιος
1044 3517 1193 3587 Διονύσιος
1207 3510 1283 3578 ούτω
1298 3517 1411 3594 φράζει.

239 3607 396 3680 εἰνατέρες·
425 3606 454 3664 αἳ
472 3616 532 3674 τοῖς
550 3604 679 3679 ἀλλήλοιν
698 3607 831 3679 ἀδελφοῖς
853 3608 1058 3681 γεγαμημέναι,
1078 3601 1112 3675 δίς
1130 3606 1264 3680 συνήθως
1282 3613 1355 3681 φασί
1372 3630 1411 3666 τι·

238 3716 286 3763 νες
308 3696 510 3770 ἀνδραδέλφας.
547 3698 618 3768 Quid
642 3700 712 3754 haec
735 3699 894 3754 testimonia
917 3700 1041 3764 valeant,
1066 3699 1129 3754 vide
1153 3701 1225 3754 Prol.
1245 3701 1289 3756 41.
1308 3703 1366 3756 not.
1386 3702 1411 3757 1.

238 3787 393 3856 Utrumque
416 3787 488 3842 nihil
511 3792 555 3843 est
577 3788 632 3842 nisi
654 3803 760 3842 merum
782 3790 962 3857 apographon
981 3804 1016 3842 ex
1035 3788 1182 3843 Eustathio
1200 3788 1261 3858 ipso
1280 3792 1410 3860 tractum,

241 3893 295 3946 qua
315 3878 349 3932 de
370 3893 454 3932 causa
473 3877 557 3933 etiam
576 3876 630 3932 loci
649 3876 678 3931 in
698 3877 787 3932 Oram.
801 3877 952 3932 Anecdotis
966 3876 1101 3932 Parisinis
1119 3877 1200 3932 allati
1218 3878 1254 3933 ad
1273 3877 1411 3934 atticista·

239 3982 300 4021 rum
314 3965 468 4021 doctrinam
482 3967 691 4021 restaurandam
706 3966 778 4020 nihil
792 3966 852 4021 iere
866 3970 988 4036 prosunt.
1000 3997 1033 4005 -
1049 3967 1132 4035 Apud
1150 3967 1281 4036 lexicogr.
1292 3969 1413 4023 redeunt

238 4057 269 4111 in
286 4055 331 4110 Et.
346 4071 381 4109 m.
396 4055 457 4121 302,
472 4055 572 4110 16116.
588 4055 658 4110 Gud.
673 4055 733 4124 168,
749 4057 791 4111 54.
807 4057 872 4110 Hes.
893 4054 1045 4110 Coniuncta
1064 4061 1128 4110 sunt
1146 4072 1208 4111 cum
1230 4055 1357 4111 doctrina
1375 4041 1411 4112 de

240 4138 335 4214 γάλυς
352 4159 418 4198 soce
437 4159 522 4213 supra
540 4145 670 4212 expedita
688 4145 718 4198 in
731 4144 819 4199 Schol.
833 4145 913 4199 Hom.
928 4144 959 4196 X
973 4144 1026 4198 473
1045 4144 1175 4212 σημαίνει
1195 4142 1224 4198 δὲ
1244 4148 1291 4212 (sc.
1306 4139 1411 4214 γάλος)

239 4227 290 4296 τὰς
308 4233 360 4286 τοῦ
379 4227 481 4303 οἴνδρδς
499 4227 630 4301 ἀδελφάς.
651 4230 795 4304 εἰνατέρες
814 4231 844 4287 δὲ
863 4228 892 4287 αἱ
911 4239 1044 4302 γυναῖκες
1063 4236 1121 4286 τῶν
1139 4235 1191 4287 τοῦ
1210 4227 1314 4304 ἀνδρὸς
1331 4227 1412 4287 άδελ-

241 4322 312 4390 φῶν.
331 4320 405 4375 Fons
423 4320 508 4376 totius
527 4321 668 4377 doctrinae
687 4322 741 4377 luit
758 4325 807 4377 Ar.
821 4324 885 4393 Byz.
900 4323 967 4392 περὶ
986 4337 1067 4390 συγγ.
1087 4321 1122 4376 cf.
1135 4321 1205 4376 Mill.
1224 4322 1289 4377 Mel.
1309 4321 1371 4390 432,
1384 4320 1410 4378 4.

239 4402 364 4480 pitter·
391 4411 427 4479 τῇ
449 4411 562 4480 γυναικί
583 4404 600 4479 ή
624 4413 677 4467 τοῦ
697 4406 800 4482 ἀνδρὸς
818 4405 940 4480 ἀδελφή,
964 4405 1036 4480 δαῖρ
1056 4407 1086 4464 δὲ
1105 4403 1121 4465 ὁ
1140 4413 1192 4466 τοῦ
1210 4404 1312 4482 ἀνδρὸς
1330 4404 1411 4464 oidel-
