3000 5040
653 261 694 326 87

61 437 64 440 ’
91 420 196 485 raiivo
214 439 316 503 neque
338 421 529 505 superlativo
547 425 666 497 utatur,
689 420 814 504 prolata
836 421 915 486 haec
938 422 1049 486 adicit:
1073 422 1153 507 φησὶ
1175 427 1258 505 γοῦν

86 526 227 603 Α’ίλιος
249 523 473 608 Διονύσιος,
496 517 550 593 ότι
573 520 829 612 ἀγαῦῶτερος
851 529 909 592 καὶ
932 520 1153 612 ἀγαθῶτατος
1175 520 1258 612 παρ)

86 626 200 699 οῦδενὶ
221 627 481 721 τῶνἙλλήνων
504 644 611 698 κεῖται
623 633 657 719 ²).

175 739 205 805 5.
241 740 415 806 Eustth.
438 763 468 824 p.
494 740 594 815 1471,
618 739 669 806 32.
707 738 820 806 ἰστέον
855 739 890 806 δὲ
924 731 978 806 ότι
1010 741 1067 806 καὶ
1100 742 1173 824 δι’γα
1201 747 1258 826 τῆς

86 845 143 911 ἐπὶ
168 856 241 924 ταῖς
267 841 431 931 γλώσσαις
459 847 606 932 σπονδῆς
634 847 691 911 καὶ
718 842 853 924 πόσεως
880 835 922 932 ἦν
948 869 981 911 τι
1003 839 1183 933 ποτήριον,
1212 840 1258 924 ῶς
1285 870 1297 909 5

87 952 215 1037 ἱστορεῖ
234 952 372 1030 Αἴλιος
394 949 617 1032 Διονύσιος,
645 946 802 1037 ἀγαθοῦ
826 953 1053 1038 δαίμονοςῙ)
1077 949 1258 1038 λεγόμενον

85 1052 126 1125 τό
153 1052 235 1144 μετά
263 1052 361 1144 άρσιν
387 1065 564 1145 τραπεζῶν
592 1056 880 1146 προσφερόμενον.
918 1061 975 1124 καὶ
1003 1055 1114 1137 ἀλλοις
1143 1060 1178 1125 δε
1206 1048 1258 1146 ἦν,

87 1184 199 1249 φασιν,
224 1159 353 1252 ἀγαθός
377 1167 506 1252 δαίμων
530 1167 558 1251 pi
581 1158 664 1250 μετὰ
689 1160 785 1252 άρσιν
808 1171 984 1251 τραπεζῶν
1009 1163 1136 1232 ἔπινον.

176 1275 206 1338 6.
247 1273 417 1339 Eustaih.
445 1296 475 1357 p.
506 1273 604 1350 1854,
634 1274 685 1338 27.
727 1266 819 1358 παρά
855 1281 905 1357 τῶ
941 1264 1034 1358 αὐτῷ
1068 1273 1103 1338 δὲ
1135 1279 1259 1358 ποιητῇ

85 1375 299 1466 (Αἰσχύλῳ)
321 1378 362 1445 ἐν
379 1370 632 1464 Ἀγαμέμνονι
655 1379 712 1444 καὶ
731 1377 764 1445 οἱ
788 1373 987 1466 άγγαροιῑ)
1011 1392 1149 1460 κεῖνται,
1172 1380 1258 1460 λέξις
1272 1403 1298 1440 10

85 1492 242 1573 φανερῶς
264 1481 419 1572 Περσική.

246 1584 395 1678 φρυκτὸς
417 1585 571 1678 φρυκτόν
595 1585 689 1678 δεῦρ’
713 1585 775 1659 ἀπ’
799 1585 945 1678 άγγάρον
969 1587 1075 1677 πορός

247 1696 383 1784 ἔπεμπε.
408 1699 465 1784 (vs.
489 1700 579 1786 269.)

83 1813 245 1872 τοιοῦτον
264 1805 301 1872 δὲ
319 1813 391 1871 τῶν
410 1813 542 1888 φανῶν,
565 1807 689 1890 κυρίας
709 1806 744 1871 δὲ
768 1797 854 1870 κατὰ
878 1804 1021 1871 Αἴλιον
1045 1800 1258 1870 Διονύσιον

84 1906 251 1998 άγγαροι
278 1909 312 1978 οἱ
339 1911 377 1978 ἐκ
406 1914 560 2000 διαδοχῆς
586 1907 872 1998 γραμματοφόροι.
906 1909 940 1977 οἱ
969 1905 1002 1978 δ’
1026 1903 1138 1992 αῦτοί,
1166 1927 1257 1998 φησι,
1272 1932 1298 1972 15

82 2019 143 2084 καὶ
161 2011 390 2103 ἀστάνδαιῑ)
410 2021 591 2105 Περσικῶς.
616 2021 750 2088 τίθεται
774 2020 820 2100 δέ,
844 2036 957 2102 φασιν,
981 2012 1001 2105 ι)
1021 2018 1107 2100 λέξις
1125 2020 1182 2083 καὶ
1201 2017 1257 2083 ἐπὶ

82 2132 266 2212 φορτηγῶν
284 2128 342 2192 καὶ
360 2116 448 2204 όλοος
472 2125 527 2192 ἐπὶ
545 2118 766 2212 ἀναισθήτων
784 2127 841 2191 καὶ
859 2117 1147 2210 άνδραποδοοδῶν,
1171 2116 1257 2191 ὅθεν

82 2233 144 2297 καὶ
162 2224 507 2320 ἀγγαροφορεῖνθ)
527 2224 569 2299 τά
584 2234 708 2319 φορτία
725 2232 850 2319 φέρειν,
870 2225 980 2310 άλλως
998 2254 1035 2297 τε
1053 2234 1111 2298 καὶ
1130 2231 1167 2297 ἐκ
1187 2234 1256 2298 δια-

82 2419 195 2497 ἄγαμαι
222 2443 283 2482 esse
311 2426 502 2495 derivandum)
530 2427 705 2483 HeroIIsuus
733 2427 842 2492 (11111.
862 2427 907 2482 Or.
927 2427 994 2492 ll.)
1017 2427 1148 2496 protolli,
1176 2443 1258 2495 quum

83 2515 219 2572 usstass:
228 2515 374 2585 aliquoties
392 2515 532 2586 repetiuit.
551 2534 577 2586 p.
591 2517 635 2584 98,
649 2516 691 2570 12.
711 2515 790 2583 1599,
809 2516 834 2570 4.
855 2517 932 2581 1795,
947 2516 989 2570 64,

175 2605 196 2672 ⁹)
218 2605 324 2660 Eadem
348 2606 429 2661 docet
450 2605 552 2675 Phryn.
575 2604 635 2660 Ecl.
658 2621 685 2673 p.
706 2605 748 2658 92.
767 2604 835 2659 Lob.
856 2604 892 2659 cf.
911 2604 957 2658 Xt.
975 2605 1013 2658 M.
1033 2604 1057 2664 5,
1078 2603 1121 2657 22.
1145 2602 1190 2657 Et.
1211 2603 1257 2658 Or.

82 2695 103 2748 l.
123 2691 141 2748 l.
161 2692 206 2748 Et.
230 2693 300 2749 (lud.
324 2695 354 2760 2,
378 2695 421 2750 32.
446 2693 512 2756 611,
536 2695 562 2748 1.
586 2693 631 2762 (=
655 2691 758 2759 Orlon).
782 2692 921 2762 Exempla
943 2708 978 2746 ex
997 2691 1118 2746 DIodoro
1141 2691 1258 2760 protulit

82 2781 193 2837 Nauck.
212 2783 241 2837 in
259 2783 355 2838 Herm.
374 2783 474 2839 XXIV.
494 2800 521 2852 p.
540 2783 602 2838 456.

131 2870 157 2926 5.
178 2873 197 2939 ¹)
221 2872 252 2926 B.
271 2873 305 2927 A.
329 2873 395 2938 327,
420 2873 444 2926 6.
469 2888 531 2926 cum
554 2873 587 2925 A.
611 2871 644 2924 Ι).
670 2871 806 2924 convenit.
829 2870 948 2941 Hesych.
974 2866 1100 2940 (ἀγαθοῦ
1123 2869 1258 2936 δαίμονος

82 2954 176 3026 πόμα
195 2955 229 3014 τό
247 2957 321 3026 μετὰ
339 2956 373 3016 τὸ
392 2961 508 3014 δεῖπνον
527 2953 653 3031 ἄκρατον
672 2954 828 3026 πινόμενον
847 2954 925 3029 παρὰ
944 2965 1003 3023 τοῖς
1016 2955 1180 3028 Ἀθηναίοις.
1209 2960 1258 3013 καὶ

82 3045 136 3117 τὴν
154 3041 305 3120 βῆμέραν
324 3039 413 3113 οῦτως
431 3045 570 3116 ἐκάλουν.)
591 3049 720 3103 convenit
739 3064 800 3103 cum
819 3049 849 3102 Β.
869 3050 902 3102 A.
922 3049 983 3114 334,
1003 3049 1027 3102 4.
1047 3049 1133 3102 Moer.
1153 3063 1180 3116 p.
1196 3048 1257 3113 191,

83 3140 127 3193 15.
146 3139 236 3192 Bekk.
255 3133 372 3208 ἀγαθοῦ
390 3132 531 3206 πόματος,
551 3139 623 3206 quod
641 3139 743 3192 lemma
762 3139 913 3192 secundum
932 3137 998 3191 Hes.
1018 3140 1048 3190 et
1065 3136 1191 3200 suidam,
1211 3135 1258 3203 qui

83 3241 114 3280 se
134 3224 255 3282 inulcem
273 3227 412 3296 supplent,
431 3227 623 3295 corrigendum
644 3229 693 3280 est.
714 3225 748 3280 cl.
767 3226 839 3280 Nub.
858 3227 941 3280 Proll.
961 3227 998 3279 ad
1016 3224 1094 3280 Phot.
1113 3242 1140 3294 p.
1161 3226 1220 3278 136.

130 3317 155 3370 6.
175 3317 197 3380 ¹)
215 3315 315 3371 Totam
332 3315 453 3383 glossam
471 3314 576 3383 repetit
593 3314 668 3370 Suid.
682 3316 717 3383 gl.
732 3315 766 3381 2.,
787 3330 821 3369 ex
840 3317 920 3383 parte
939 3316 970 3368 B.
984 3317 1017 3368 A.
1031 3314 1092 3380 325,
1113 3315 1147 3368 13
1159 3316 1257 3381 (usque

83 3405 121 3458 ad
140 3403 309 3472 Περοαιῶς),
328 3404 373 3459 Ε1.
393 3405 431 3459 M.
451 3405 476 3469 6,
495 3405 534 3458 44
551 3405 597 3471 (de
616 3419 668 3472 quo
686 3404 718 3458 L.
738 3403 821 3457 Oohn.
841 3403 956 3458 Jahrbb.
977 3403 1039 3456 XII.
1060 3403 1120 3458 351.
1140 3418 1166 3455 n.
1186 3403 1257 3468 151.)

83 3492 135 3547 scd
158 3491 200 3546 itu
217 3497 249 3546 ut
266 3492 401 3563 Aeschyli
423 3492 626 3561 testimonium,
650 3491 774 3561 quamvis
798 3507 833 3547 cx
857 3495 1028 3547 servatarum
1051 3506 1107 3545 uns
1128 3490 1256 3558 petitum,

82 3579 216 3635 atucistis
229 3581 327 3636 deberi
335 3581 540 3650 intellegamus.
564 3582 712 3636 Menandri
725 3581 824 3649 locum,
838 3596 920 3650 quem
930 3579 1116 3650 apposuimus,
1130 3577 1255 3632 sublecIt.

174 3668 196 3738 ²)
215 3663 354 3723 οἷοτάνδαι
372 3685 468 3725 vocem
485 3675 561 3726 recte
581 3669 704 3739 explicet
722 3671 754 3724 B.
769 3671 802 3724 A.
817 3669 879 3737 455,
898 3670 941 3724 31.
961 3672 990 3723 et
1007 3667 1078 3722 mira
1098 3665 1256 3722 confusione

82 3757 253 3828 Hesychius,
278 3758 325 3826 qui
344 3753 493 3827 ἀστάνδης.
517 3753 724 3829 ἡμεροδρόμος.
749 3750 916 3828 ἢάγγελον.
948 3758 1114 3827 Ταραντῖνοι
1134 3754 1255 3809 exhibet.

173 3844 195 3912 ⁸)
213 3842 437 3918 ἄγγαροφορεῖν.
462 3848 523 3902 Ael.
536 3847 616 3902 Dion.
631 3872 666 3892 =
683 3848 715 3902 B.
728 3848 761 3901 A.
774 3848 835 3911 325,
849 3849 874 3901 6.
887 3876 923 3886 -
936 3846 1010 3900 Fons
1029 3843 1113 3899 totius
1133 3843 1255 3913 explico-

82 3933 167 3988 tionis
182 3934 237 3989 fuit
248 3936 334 3991 Arist.
345 3938 410 4006 Byz.
421 3937 474 4004 (ed.
485 3936 592 3990 Nauck.
605 3953 633 4005 p.
646 3936 689 3990 81.
705 3936 774 4002 172).
791 3934 836 3988 Ex
845 3937 894 3989 Ar.
907 3936 973 4004 Byz.
986 3932 1132 3988 Suetonius
1145 3948 1195 3987 sue
1206 3949 1255 4002 pe·

82 4023 157 4090 tivit,
177 4023 212 4078 cf.
226 4024 297 4078 Mill.
310 4025 377 4080 Mel.
391 4042 418 4094 p.
431 4025 492 4080 422.
505 4056 542 4064 -
553 4026 706 4080 Alteram
720 4023 943 4092 explicationem,
959 4037 1076 4091 eamque
1089 4022 1199 4092 saepius
1212 4039 1256 4076 rc-

82 4112 211 4180 petstum,
230 4113 333 4182 optime
352 4117 491 4168 servotum
509 4113 635 4168 videmus
653 4129 697 4181 ap.
717 4114 748 4166 B.
768 4115 800 4166 A.
814 4113 875 4179 325,
895 4113 920 4165 2.
940 4103 1104 4182 ἄγγορος·
1125 4106 1254 4182 ἐργάτης,

82 4193 234 4272 ὑπηρέτης.
254 4192 327 4256 ὅθεν
345 4197 495 4272 άγγαρελ
500 4221 539 4256 αν
557 4199 680 4271 λέγομεν
698 4195 829 4270 ἀνάγκην
848 4195 987 4255 ἀκούσιον
1005 4201 1054 4254 καὶ
1070 4196 1122 4268 τὴν
1141 4196 1174 4254 ἐκ
1193 4200 1257 4271 βίας

83 4286 243 4358 γενομένην
260 4283 425 4360 ὑπηρεσίαν.
446 4293 495 4345 καλ
514 4284 605 4354 άλλως
624 4281 779 4360 άγγαρος
797 4285 910 4360 λέγεται
929 4281 1081 4359 όνωθρὸς.
1100 4284 1179 4359 παρὰ
1197 4296 1256 4351 τοῖς

82 4374 241 4450 βαρβάροις
254 4374 313 4436 δὲὸ
327 4375 463 4449 δημόσιος
472 4373 726 4451 γραμματηφόρος,
742 4366 814 4434 ioco
827 4371 1092 4450 ἀγγαρεύεσθαι
1105 4373 1139 4432 τὸ
1154 4374 1194 4441 εἰς
1209 4379 1255 4445 δη·
