3000 5040
645 268 684 336 19

171 429 234 497 Sed
266 432 367 498 altera
397 453 471 516 pars
502 431 786 516 argumentationis
821 435 935 496 restat:
976 429 1116 495 nondum
1146 427 1249 495 adhuc

82 540 178 605 etiam
201 539 350 605 Aelium
371 539 596 624 Dionysium
619 540 753 605 eundem
777 558 844 604 esse
866 543 965 623 atquo
984 538 1076 603 lexici
1098 535 1250 602 rhetorici

82 652 242 713 auctorem
266 648 556 712 demonstravimus.
602 646 718 712 Videas
741 645 884 729 exempla
906 645 1169 711 luculentissima:

171 751 640 838 Eustath.p.1721,26.lore'ov
782 752 820 818 cf.
853 752 895 818 ib.
930 775 959 836 p.
993 751 1072 829 855,
1099 752 1151 818 20.
1193 752 1250 816 καί

84 859 121 925 δὲ
145 849 198 925 ὅτι
220 850 261 925 τὸ
284 852 329 946 βὴ
348 866 465 944 φωνῆς
484 876 639 947 σημαντι-
694 870 800 924 κεῖται
833 857 875 924 ἐν
908 857 1072 943 ἒπιλογῇ
1104 858 1249 940 λέξεων

83 958 147 1032 κον
169 967 226 1031 καί
249 966 385 1052 φέρεται
407 958 491 1053 παρ’
513 965 639 1051 Αἰλίῳ
695 959 851 1054 ἀρχαίᾳ,
888 955 941 1031 ὅτι
972 955 994 1030 ά
1027 956 1047 1030 ii
1080 965 1250 1031 άασυνθὲν

83 1074 279 1157 Διονυσίῳ
303 1072 354 1159 (fr.
378 1073 445 1160 97.)
693 1072 823 1157 γέλωτα
851 1074 948 1158 δηλοῖ
974 1111 1015 1119 -
1043 1074 1100 1137 καὶ
1127 1064 1167 1138 τὸ
1194 1063 1250 1159 βὴ,

171 1178 214 1244 ib.
242 1203 272 1264 p.
302 1178 401 1256 1752,
429 1180 481 1244 29.
521 1175 641 1264 γράφει
693 1181 772 1265 περὶ
786 1168 826 1245 οὗ
844 1171 989 1262 ἀλλαχοῦ
1008 1179 1176 1264 δηλοῦται,
1194 1179 1251 1242 καί

83 1284 222 1363 Αίλιος
265 1281 475 1363 Διονύσιος
519 1277 639 1351 είπων·
693 1277 733 1350 τὸ
759 1281 877 1372 χύρρε
910 1278 1104 1366 συβοτικόν,
1136 1276 1182 1362 ὡς
1214 1282 1250 1349 ἐν

81 1388 213 1478 γύρρε·
241 1390 431 1477 ἐπίφθεγμα
453 1383 539 1477 πρὸς
561 1383 641 1469 τούς
692 1403 763 1470 τοῖς
787 1391 832 1469 είς
849 1385 1037 1458 Ὀδύσσειαν
1057 1386 1249 1478 δεδήλωται.

83 1487 130 1575 σς.
177 1498 229 1585 (fr.
253 1499 341 1584 οτι.)
693 1499 746 1584 (fr.
770 1498 857 1584 σοι.)

172 1605 318 1672 Alterum
341 1605 517 1688 exemplum
539 1605 618 1669 mihi
636 1607 808 1689 petendum
830 1611 879 1671 est
902 1627 940 1671 ex
957 1601 1129 1692 γερόντων
1152 1621 1250 1671 συνα-

83 1720 189 1798 γωγη,
216 1734 311 1796 quam
338 1733 377 1778 ex
399 1712 611 1796 Aristophane
637 1713 791 1796 Byzantio
818 1733 877 1798 per
903 1713 1060 1778 atticistas
1082 1713 1251 1778 Eustathio

83 1822 258 1886 innotuisse
275 1824 421 1904 apertum
438 1825 486 1884 est
504 1818 556 1904 (cf.
571 1819 653 1884 Prol.
669 1818 743 1903 Cap.
758 1819 796 1884 V.
811 1823 832 1902 ξ
854 1818 896 1907 1.)
914 1820 1087 1886 Eustath.
1106 1843 1135 1904 p.
1157 1820 1251 1898 1330,

84 1929 136 1992 20.
152 1926 204 2013 (fr.
219 1927 292 1991 334.
303 1931 366 1993 not.
377 1927 421 2012 6.)
436 1930 710 2012 βλασφημοῦνται
728 1923 762 1991 oi
780 1922 871 1992 πάνυ
889 1927 1101 2012 γέροντες-
1116 1929 1174 1992 καί
1188 1944 1252 1993 σο-

83 2033 282 2121 ρέλληνες,
305 2035 382 2120 περὶ
404 2022 446 2098 οὗ
464 2029 673 2120 προεγράφη·
697 2029 822 2099 τούτου
842 2033 878 2099 δὲ
896 2037 954 2099 καί
971 2029 1136 2121 θηλυκόν,
1160 2051 1252 2117 φασι,

84 2134 141 2206 ἐπὶ
163 2137 353 2227 πρεσβύτου
376 2132 439 2227 τὴν
462 2140 624 2226 σορέλλην
647 2133 862 2227 άνάκρουσιν.
887 2141 924 2207 cf.
943 2142 1088 2207 Eustath.
1108 2164 1137 2226 p.
1158 2143 1253 2219 1289,

85 2249 136 2313 16.
156 2239 246 2328 άπαξ
260 2247 306 2328 δέ,
325 2265 438 2330 φασιν,
457 2245 607 2314 ἐνταῦθα
621 2240 641 2334 ἦ
656 2247 741 2329 λέξις
760 2244 890 2336 (σορός)
910 2247 1036 2336 είρηται
1054 2256 1104 2334 τῷ
1121 2257 1252 2336 ποιητῇ,

83 2345 149 2436 ἀφ’
171 2342 209 2440 ἧς
235 2355 292 2418 καὶ
320 2353 512 2440 σορέλλην
540 2346 623 2440 παρ’
640 2348 869 2440 Ἀριστοφάνει
897 2355 949 2442 (fr.
980 2356 1051 2421 198.
1075 2356 1179 2443 Koch)
1208 2355 1254 2433 είς

83 2459 241 2545 γέροντα,
269 2453 315 2538 άις
342 2460 379 2526 ἐν
407 2457 636 2548 ῥητορικοῖς
662 2453 797 2548 εὕρηται
820 2467 1000 2543 λεξικοίς.
1046 2464 1109 2528 Res
1131 2463 1253 2546 perspi-

84 2589 145 2632 cua
167 2573 227 2633 est:
251 2559 351 2654 σορὸς
373 2589 436 2634 uno
459 2569 527 2635 loco
550 2569 633 2653 apud
657 2569 830 2634 Homerum
853 2576 954 2635 extat:
978 2570 1032 2635 illo
1055 2575 1179 2634 tantum
1198 2585 1252 2634 σο-

84 2673 205 2760 ρέλλην
227 2674 268 2740 ab
296 2677 443 2759 episcopo
470 2676 595 2741 laudari
621 2677 740 2760 potuit:
780 2677 891 2742 laudat
918 2699 956 2742 ex
982 2677 1090 2742 lexicis
1113 2676 1252 2742 rhetori·

85 2782 144 2847 cis:
167 2804 197 2865 p.
219 2783 313 2859 1330,
332 2783 375 2848 20
394 2785 435 2847 ad
458 2782 546 2846 illum
566 2783 670 2876 iocum
693 2784 821 2848 unicum
842 2785 1023 2868 respicitur:
1046 2807 1076 2868 p.
1097 2784 1191 2861 1330,
1210 2784 1254 2848 20

84 2894 192 2954 autem
215 2909 254 2953 ex
272 2890 363 2955 Aelio
382 2890 533 2973 Dionysio
552 2887 679 2956 fluxisse
698 2896 842 2974 apertum
861 2895 923 2956 est:
945 2891 1047 2956 lexica
1064 2891 1163 2974 igitur
1180 2890 1253 2955 rhe-

84 2996 188 3060 torica
209 3024 254 3053 =
276 2996 360 3061 Aelii
388 2997 531 3082 Dionysii
559 3018 656 3081 opera
682 2997 818 3065 fuerunt.
843 3037 885 3046 -
908 2998 1051 3063 Tertium
1078 2999 1254 3082 exemplum

84 3102 147 3169 hoo
168 3109 230 3169 est:

173 3209 319 3275 Eustath.
342 3233 371 3295 p.
398 3211 496 3289 1957,
519 3212 563 3276 60
589 3210 620 3298 (f
635 3262 642 3276 .
786 3210 824 3278 cf.
853 3211 895 3278 ib.
926 3234 956 3296 p.
991 3211 1089 3289 1413,
1122 3213 1173 3276 32.
1202 3202 1253 3278 ὅτι

86 3317 175 3404 231.)
207 3317 346 3383 Lexicon
380 3318 462 3384 rhet.
494 3319 643 3383 laudatur
698 3317 735 3384 δὲ
770 3311 791 3404 ἦ
828 3311 938 3406 γραφη
975 3326 1033 3405 τῆς
1069 3316 1152 3404 ίλης
1189 3317 1253 3382 ἐδι-

85 3424 172 3506 quod
198 3424 345 3488 κλεισίον
368 3429 401 3488 et
423 3426 550 3489 κλεισία
573 3446 643 3490 cum
697 3437 834 3510 φορεῖτο
871 3417 963 3511 παρά
991 3437 1062 3501 τοῖς
1089 3430 1253 3505 παλαιοῖς,

85 3529 285 3614 diphthongo
309 3537 434 3596 etcum
457 3555 469 3596 ι
492 3532 644 3597 dichrono
699 3533 835 3619 δηλοῦσι
867 3534 923 3598 καὶ
955 3529 992 3597 οί
1024 3531 1065 3596 ἐν
1097 3529 1253 3618 ῥητορι-

85 3634 645 3720 ρτοίοοίεΑίλιοςδὲΔιονύσιος
698 3650 783 3716 κοϊς
805 3644 975 3720 λεξικοῑς
992 3634 1254 3724 παραδόντες,

88 3741 186 3808 -ἒν
206 3738 325 3830 ἑτέρῳ
343 3741 474 3830 γράφει,
493 3736 643 3810 ὅτικλί-
698 3736 744 3821 ὡς
772 3746 828 3809 καὶ
855 3737 895 3810 τὸ
925 3744 1059 3810 ἰστέον
1091 3737 1166 3809 άντὶ
1192 3751 1254 3808 τοῦ

87 3867 175 3915 σιον
207 3841 351 3935 Ἀμερίας
385 3843 427 3917 τὸ
462 3847 645 3937 πρόστιμον
697 3849 869 3935 γνωστέον
897 3843 951 3916 διά
979 3847 1166 3935 διφιλόγγου
1190 3847 1256 3935 εἶχέ

86 3954 168 4033 ’ίσως
181 3948 273 4042 παρὰ
281 3949 402 4038 Ἴωσιν,
421 3950 467 4035 ὡς
485 3949 643 4044 καὶὍμη-
696 3979 779 4021 ποτε
793 3948 855 4042 τὴν
868 3949 1001 4044 γραφὴν
1014 3949 1082 4022 άπὸ
1092 3964 1154 4022 τοῦ
1164 3957 1252 4023 eirico.

86 4063 248 4149 ρος,,περὶ
258 4063 294 4128 δὲ
303 4065 434 4131 κλίσιον
442 4064 503 4130 θέε
512 4061 644 4151 πάντη(
697 4064 752 4127 καὶ
799 4055 838 4128 τὸ
885 4062 946 4150 ίλη
992 4062 1047 4129 ἐπὶ
1090 4060 1255 4149 τάγματος

86 4161 179 4255 παρά
203 4169 239 4234 δὲ
253 4163 409 4249 Ἀττικοῖς
427 4163 643 4237 κλεισίονὸ
697 4170 754 4233 καὶ
785 4165 939 4256 πλήθους
969 4165 1062 4257 παρά
1093 4164 1132 4237 τὸ
1166 4171 1253 4236 είλω.

86 4275 187 4360 μέγας
209 4270 337 4364 θυρων.
371 4278 412 4344 ib.
434 4300 465 4362 p.
491 4279 569 4356 772,
592 4279 644 4344 63.
697 4278 754 4342 καί
776 4268 815 4341 τὸ
837 4275 1097 4359 ίλυσπᾶσθαι,
1120 4268 1140 4342 ὅ
1164 4275 1254 4342 ἐστιν

88 4383 186 4470 άηλοῑ
206 4383 344 4462 Α’ίλιος
365 4380 573 4463 Διονύσιος
597 4383 642 4449 εἰ·
699 4377 823 4470 ὁμοίως
851 4377 927 4465 ὄφει
954 4385 1011 4449 καὶ
1038 4380 1185 4470 σκωληκι
1209 4382 1253 4448 εἰ·

1005 4491 1042 4547 2³1⁶
