3000 5040
726 278 766 342 27

163 428 290 522 ήθεῑος,
304 428 443 518 άπφιον,
460 429 568 518 άπφα,
582 430 704 519 άπφάς,
724 436 929 517 ε’πίπαππος,
943 430 1042 524 τηθὴ,
1056 439 1163 525 τηθίς,
1182 434 1331 518 πάππος,

164 537 304 628 γήρειον·
322 542 371 608 vel
393 543 568 609 afferuntur
591 544 640 609 vel
663 544 868 627 explicantur.

254 650 342 729 Quae
365 650 460 714 verba
477 651 640 717 Eustathii
663 651 758 716 aliter
776 651 919 734 intellegi
937 656 1107 734 nequeunt,
1129 674 1224 734 quam
1247 653 1330 736 epis-

165 778 277 840 copum
300 762 449 840 excerpta
471 757 694 842 Aristophanis
715 757 863 843 Byzantii
887 757 939 843 (cf.
958 758 1032 841 Cap.
1056 759 1093 824 V.
1116 762 1136 840 ξ
1162 758 1204 845 1.)
1227 760 1260 823 in
1283 765 1331 824 at

164 864 289 929 ticistae
308 884 403 947 opere
422 884 478 928 suo
495 863 564 929 loeo
583 863 757 930 distributa
776 865 930 930 invenisse
949 870 981 929 et
999 865 1083 940 inde,
1102 886 1182 948 quae
1200 866 1241 931 ad
1259 887 1331 950 pro-

165 970 303 1054 positum
325 971 483 1052 quadrare
505 971 698 1048 viderentur,
721 971 837 1037 iterum
860 971 1030 1055 collegisse.

253 1079 345 1153 Rem,
368 1099 463 1160 qnam
485 1078 659 1161 posuimus,
687 1078 794 1144 multis
821 1078 892 1142 aliis
920 1078 997 1144 loeis
1020 1078 1235 1144 demonstrare
1257 1100 1331 1162 pos-

165 1206 280 1250 sumus.
312 1184 489 1250 Redeamus
508 1185 550 1249 ad
572 1184 676 1250 locum
699 1184 797 1262 illum,
820 1205 913 1267 quern
935 1185 999 1250 iam
1022 1207 1117 1269 supra
1139 1207 1168 1269 p.
1190 1185 1240 1250 18.
1264 1184 1332 1250 obi-

164 1295 216 1356 ter
238 1291 409 1375 tetigimus,
431 1291 473 1356 ad
496 1289 534 1356 fr.
557 1291 631 1356 305.
654 1292 781 1375 ταρσοί.
827 1291 925 1356 Totus
947 1291 1002 1356 ille
1025 1291 1113 1357 locus
1136 1293 1183 1357 ita
1205 1312 1331 1375 compa-

166 1402 256 1462 ratus
283 1403 346 1474 est,
373 1403 410 1462 ut
436 1397 610 1482 singularia
636 1398 775 1462 discerni
801 1418 839 1464 ao
866 1396 998 1463 diversis
1026 1398 1206 1465 auctoribus
1233 1397 1333 1464 tribui

164 1511 331 1591 nequeant.
368 1505 447 1570 Cum
464 1511 571 1571 autem
588 1505 628 1572 fr.
648 1506 698 1571 76.
723 1497 856 1591 άρριχος
878 1505 1031 1570 insertum
1055 1505 1105 1582 sit,
1128 1506 1237 1571 statim
1260 1526 1332 1588 cog·

164 1635 274 1679 nosces
296 1613 486 1679 Pausaniam
512 1612 553 1678 ab
576 1613 665 1678 Eust.
688 1612 868 1678 adhibitum
896 1632 977 1678 esse:
1010 1611 1124 1678 deinde
1152 1612 1240 1677 locus
1263 1612 1332 1696 qui-

166 1720 240 1786 dam
261 1719 345 1786 Aelii
368 1719 512 1804 Dionysii
534 1720 684 1797 insertus,
712 1740 805 1802 quem
829 1715 937 1804 ἕτεροι
960 1717 997 1783 δὲ
1019 1719 1192 1802 excipiunt:
1225 1715 1333 1803 ἕτεροι

165 1832 272 1893 autem
298 1827 346 1891 illi
372 1847 464 1892 nemo
491 1825 621 1892 fuerunt
646 1827 709 1892 nisi
731 1826 919 1903 Pausanias,
947 1826 1032 1909 quod
1059 1821 1246 1912 κρεμαστήρ
1273 1847 1333 1892 vox

165 1935 333 2018 repetitur:
357 1934 529 2018 singularia
552 1955 590 1998 ex
613 1934 696 1999 notis
720 1933 867 2016 colligere
889 1932 1022 2016 placeat.

254 2039 398 2105 Alterum
416 2039 592 2123 exemplum
611 2039 725 2105 afferre
743 2041 838 2105 liceat
856 2039 893 2106 fr.
913 2038 987 2104 225.
1010 2038 1170 2126 (Eustath.
1187 2061 1216 2123 p.
1239 2039 1333 2115 1769,

165 2146 224 2233 32)
252 2141 480 2212 κατουλάδα
507 2142 614 2212 νύκτα
640 2147 870 2223 Παυσανίας
896 2147 999 2232 φησὶν
1031 2139 1078 2223 ώς
1110 2147 1333 2211 κατίλλουσαν

165 2255 224 2318 καὶ
245 2254 496 2339 κατείργουσαν,
520 2244 626 2342 [καθά
648 2253 706 2318 καὶ
729 2249 891 2340 ἐξούλης
913 2254 994 2339 φησὶ
1017 2253 1092 2339 δίκη
1114 2245 1135 2339 ἦ
1157 2259 1216 2338 τῆς
1233 2250 1333 2337 ἐξείρ-

165 2362 273 2444 ξειος]
297 2356 406 2446 ἕτεροι
415 2361 441 2444 1)
466 2359 502 2424 δὲ
528 2351 590 2447 τὴν
617 2355 846 2444 πανώλεθρον
878 2360 934 2446 (sc.
958 2356 1094 2446 νύκτα)·
1122 2346 1245 2424 οὖλον
1271 2349 1333 2444 γάρ

164 2459 205 2532 τὸ
230 2458 391 2551 ὀλέθριον
413 2462 434 2553 ἢ
456 2458 518 2553 τὴν
538 2462 679 2550 ἔχουσαν
698 2457 889 2552 συστροφὰς
908 2457 1050 2551 άνέμοον.
1075 2465 1179 2532 ίλλειν
1196 2457 1259 2550 γάρ
1277 2465 1335 2529 καὶ

164 2565 206 2638 τὸ
232 2573 438 2660 συστρέφειν.
467 2565 565 2663 [ὅθεν
594 2569 703 2650 ίλλάς
729 2565 821 2659 παρὰ
838 2566 950 2638 ’Ἰώσιν
973 2567 992 2638 ὁ
1017 2563 1085 2638 άπὸ
1113 2577 1239 2656 λυγμοῦ
1263 2572 1333 2636 δεσ-

164 2671 228 2764 μὸς
255 2677 291 2745 ἐν
314 2672 438 2760 Ἰλιάδι,
465 2681 523 2744 καὶ
549 2671 589 2745 τὸ
612 2672 751 2760 ,ἰλαδὸν
780 2678 826 2756 εἰς
849 2670 995 2765 ciyopriv‘t
1017 2681 1075 2744 καὶ
1097 2669 1179 2764 οὐλὴ
1202 2670 1333 2763 θρὶξ.ἥ

165 2787 224 2851 καὶ
246 2779 367 2873 άλλως]
391 2778 587 2864 κατουλάς
609 2778 681 2867 νὺξ
702 2779 722 2872 ἦ
746 2782 914 2872 ζοφώδης·
943 2777 1010 2850 άπὸ
1038 2792 1096 2872 τῆς
1119 2777 1205 2850 κατὰ
1228 2779 1334 2869 σῶμά,

167 2910 285 2976 φασιν,
312 2886 412 2980 οὐλῆς
440 2885 517 2982 [ἀφ’
539 2883 577 2980 ἧς
604 2895 661 2958 καὶ
684 2884 832 2970 ὕπουλος
855 2885 873 2958 ὁ
898 2888 1124 2981 κακότροπος]
1147 2891 1334 2978 μελαντέρα

165 2995 240 3085 γάρ,
262 3016 375 3083 φασιν,
399 2992 482 3087 αὐτὴ
506 2993 552 3077 ώς
576 2996 728 3066 ίπιπολύ.

256 3108 358 3173 Multa
380 3108 478 3191 igitur
496 3107 682 3173 Eustathius
705 3106 870 3192 congessit,
893 3129 975 3190 quae
993 3108 1077 3172 inter
1095 3127 1129 3172 se
1147 3108 1199 3171 vix
1221 3105 1334 3171 cohae-

166 3218 272 3280 reant:
305 3235 342 3280 ea
368 3201 450 3298 quae
477 3215 599 3280 uncinis
627 3215 823 3292 inclusimus,
851 3215 918 3280 sine
944 3213 1010 3279 ullo
1039 3213 1228 3279 detrimento
1257 3213 1334 3278 reici

166 3326 313 3404 possunt,
340 3323 424 3404 quod
451 3343 566 3387 nexum
588 3322 817 3387 sententiarum
843 3321 976 3388 turbant
999 3326 1032 3386 et
1053 3343 1074 3387 a
1094 3322 1259 3405 proposita
1280 3341 1334 3385 vo-

168 3449 204 3493 ce
232 3419 398 3506 κατουλὰς
420 3420 483 3510 νὺξ
503 3428 597 3513 plane
620 3428 801 3494 abhorrent.
839 3427 921 3493 Cave
943 3433 1050 3494 tamen
1073 3428 1108 3493 id
1130 3427 1255 3494 feceris:
1279 3449 1334 3510 op·

166 3535 265 3600 timae
287 3535 371 3600 enim
393 3536 580 3600 eruditionis
603 3534 740 3600 frustula
758 3540 840 3612 sunt,
864 3557 902 3600 ex
919 3535 1094 3600 Pausaniae
1117 3535 1216 3618 ipsius
1234 3535 1334 3599 lexico

166 3642 283 3726 petita,
312 3647 349 3707 ut
380 3642 570 3726 comparatis
597 3665 626 3726 p.
650 3642 731 3720 947,
758 3643 786 3706 6.
810 3641 863 3729 (fr.
891 3641 969 3728 155)
997 3635 1155 3718 ἰλλάδες
1185 3640 1222 3705 δέ
1253 3656 1335 3722 φασι

167 3741 372 3826 κατ”Ἰωνας
391 3749 505 3833 δεσμοὶ
520 3747 556 3830 ἐξ
574 3745 724 3833 ἱμάντων
742 3741 764 3835 ἢ
783 3744 895 3833 λύγων
915 3739 983 3814 άπὸ
1002 3755 1064 3813 τοῦ
1083 3746 1183 3812 είλλοο
1200 3739 1221 3833 ἢ
1240 3746 1334 3812 ’ίλλοι

166 3845 208 3921 τὸ
232 3854 419 3940 συστρέφον,
442 3847 487 3933 ώς
511 3854 548 3921 ἐν
571 3855 652 3922 είδει
676 3851 920 3942 στρεβλώσεως.
949 3854 1078 3940 λέγεται
1100 3846 1162 3939 γὰρ
1186 3852 1242 3920 ἐπὶ
1263 3876 1334 3919 τοι·

168 3957 270 4048 αύτης
292 3963 451 4049 σημασίας
478 3959 517 4028 τὸ
546 3961 661 4043 εἱλεῖν,
689 3955 735 4040 ώς
763 3965 860 4049 δηλοῖ
885 3963 943 4026 καὶ
970 3955 988 4027 ὁ
1013 3963 1241 4038 Παυσανίας
1263 3965 1333 4025 κτλ.

168 4073 201 4135 et
235 4067 327 4134 Phot.
363 4065 601 4135 κατουλάδα.
644 4073 826 4156 Σοφοκλῆς
862 4069 1040 4154 Ναυπλίῳ·
1083 4063 1263 4153 ἐπεύχομαι
1299 4067 1335 4132 δὲ

259 4321 278 4386 ¹)
296 4318 358 4373 Non
376 4317 447 4372 alius
466 4319 660 4388 grammaticus
679 4319 714 4374 ab
728 4318 876 4374 Eustathio
890 4317 1020 4374 laudatus
1039 4321 1090 4385 est,
1110 4318 1160 4374 sed
1178 4317 1259 4373 testis
1275 4318 1335 4388 qui·

169 4408 233 4463 dam
251 4423 268 4463 a
286 4408 424 4464 Pausania
442 4408 590 4464 adhibitus.
622 4409 656 4464 cf.
675 4409 754 4464 Phot.
774 4424 794 4463 s.
815 4425 839 4462 v.
