3000 5040
664 272 724 336 187

192 430 266 496 241.
298 430 471 497 Eustath.
490 453 520 514 p.
539 431 618 508 403,
637 431 688 496 37.
722 428 792 497 ἔστι
821 431 856 497 δὲ
884 434 1054 516 κτίλοςῑ)
1082 433 1142 517 μὲν
1171 427 1275 519 ὃχει-

97 533 232 624 ροήθης
258 537 316 602 καὶ
342 527 463 623 ἥμερος
486 535 539 620 [ἐκ
562 543 625 603 τοῦ
648 539 712 603 κίον
735 531 775 603 τὸ
798 535 1000 625 πορεύομαι]
1025 533 1044 604 ὁ
1067 545 1138 605 τῶν
1161 533 1276 605 άλλοιν

98 639 410 730 προπορευόμενος,
434 641 470 724 ἐξ
492 633 533 708 οὗ
557 645 614 708 καὶ
634 643 935 728 ἐκτιλωμένοςῖ)
958 638 1050 730 παρὰ
1069 648 1276 735 Παυσανίᾳ

99 743 122 816 ὁ
142 746 292 838 συνήθης
310 751 376 815 τινὶ
397 751 454 814 καὶ
472 753 702 836 κτιλῶσαιθ)
721 747 807 837 ῥῆμα
825 743 909 838 παρ’
924 743 1093 837 Ἡροδότῳ
1113 753 1180 838 (IV.
1198 753 1275 839 113)

99 853 249 922 εἰπόντι·
271 852 521 937 ,ἐκτιλώσαντο
544 848 605 934 τάς
627 849 748 935 λοιπάς
769 864 840 923 τῶν
857 852 1077 942 Ἀμαζόνωνῆ
1102 851 1207 944 ἤγουν
1230 858 1277 936 εἰς
1304 879 1316 918 5

99 976 263 1048 γυναῖκας
286 959 384 1048 ἔσχον
407 955 628 1049 πραΰναντος.

192 1071 266 1134 242.
298 1070 469 1137 Eusteih.
495 1094 524 1155 p.
544 1070 623 1148 584,
641 1071 671 1135 9.
704 1065 774 1136 ἔστι
803 1071 838 1136 δὲ
861 1073 918 1136 καὶ
940 1074 1165 1156 κυμβεῖονῑ)
1190 1066 1277 1147 εἶδός

101 1199 136 1241 τι
158 1177 338 1264 ποτηρίου,
365 1170 412 1254 ὡς
434 1177 664 1254 Παυσανίας
692 1175 733 1241 ἐν
760 1183 815 1262 τῷ
843 1177 979 1263 οἰκείῳ
1008 1179 1102 1263 φησὶ
1125 1181 1276 1262 λεξικρῦ.

100 1275 195 1368 παρὰ
223 1275 262 1349 τὸ
290 1275 403 1366 κυφὸν
431 1282 482 1363 δέ,
510 1300 629 1365 φασιν,
657 1282 906 1369 ἐτυμολογεῑται
933 1277 952 1371 ἦ
982 1280 1088 1370 κύμβη
1117 1278 1163 1360 ὡς
1186 1306 1276 1368 περι-

102 1411 216 1476 occoe-
1291 1411 1317 1449 ν

671 1553 709 1616 Λ.

194 1712 268 1777 243.
301 1710 474 1777 Eustaih.
493 1733 523 1794 p.
543 1710 622 1788 294,
641 1710 693 1777 41.
724 1710 863 1789 Αἴλιος
887 1712 923 1777 δὲ
947 1707 1152 1789 Διονύσιός
1175 1727 1277 1797 φησιν

103 1810 210 1886 οὕτω·
234 1816 551 1903 Λακεδαίμοναῑ)
574 1818 631 1882 καὶ
653 1813 818 1904 Σπάρτην
842 1819 1024 1903 διορίζουσί
1047 1840 1148 1898 τινες,
1172 1821 1276 1883 Λακε-

103 1927 247 2009 δαίμονα
268 1924 331 2009 μὲν
348 1931 463 1991 πᾶσαν
481 1928 665 2001 καλοῦντες
683 1916 745 2011 τὴν
764 1921 950 2006 Λάκαιναν,
973 1921 1137 2011 Σπάρτην
1161 1924 1197 1990 δὲ
1216 1922 1277 2011 τὴν

101 2034 183 2117 μίαν
214 2027 331 2112 πόλιν,
357 2023 499 2097 Ἀττικοὶ
531 2030 567 2096 δὲ
600 2022 705 2116 αὐτὴν
736 2032 794 2096 καὶ
825 2033 1070 2117 Λακεδαίμονα.
1112 2035 1278 2117 Κρατῖνος

103 2139 158 2227 (fr.
176 2139 251 2205 368.
269 2139 373 2224 Kock)
403 2137 439 2204 de
467 2139 524 2203 καὶ
551 2129 613 2223 τὴν
639 2133 753 2222 χώραν
776 2133 941 2225 Σπάρτην
969 2134 1075 2220 οἶδεν,
1103 2130 1144 2204 οὐ
1170 2134 1278 2223 μόνον
1293 2165 1318 2204 15

102 2245 349 2330 Λακεδαίμονα.

193 2352 268 2417 244.
309 2350 481 2417 Eustath.
510 2373 541 2434 p.
572 2351 670 2428 1235,
703 2349 755 2417 55.
798 2352 879 2438 φησί
915 2375 966 2429 τις
1002 2349 1043 2416 ἐν
1079 2348 1278 2438 ῥητορικῷ

102 2464 247 2545 λεξικῷ
270 2448 324 2525 ὅτι
347 2459 602 2544 λείβηθρονῑ)
627 2449 742 2541 ὀχετός
765 2450 966 2543 ὑδραγωγός.
999 2456 1036 2522 ἐν
1060 2457 1095 2523 δὲ
1118 2450 1189 2535 τοῖς
1211 2457 1278 2522 Αί-

149 2619 212 2672 241.
231 2618 254 2688 1)
274 2618 357 2673 Gens.
376 2617 451 2673 Suid.
472 2618 539 2672 lies.
558 2617 626 2672 Lex.
646 2617 759 2671 Bachm.
779 2618 841 2684 284,
860 2620 884 2673 6.
903 2618 949 2671 Et.
962 2619 999 2671 M.
1018 2617 1079 2679 324,
1099 2618 1141 2672 50.
1161 2616 1222 2684 542,
1235 2618 1278 2672 33.

103 2707 165 2773 758,
179 2707 224 2762 31.
242 2706 288 2762 Et.
303 2705 374 2762 God.
391 2707 453 2775 350,
472 2707 516 2762 36.
535 2706 618 2775 (unde
637 2705 771 2775 originem
790 2705 973 2777 etymologine
991 2708 1142 2774 agnosces),
1161 2705 1198 2761 ib.
1216 2707 1278 2772 350,

101 2793 528 2863 MMMMMMM
1362 2803 1364 2806 ‘

193 2884 215 2954 ²)
234 2884 318 2939 Gonr.
337 2883 404 2938 Hes.
423 2884 468 2937 Et.
488 2884 526 2938 M.
546 2883 608 2948 324,
628 2883 688 2938 150.
702 2885 733 2937 Β.
751 2885 784 2939 Δ.
804 2885 865 2948 258,
879 2884 921 2938 20.
941 2883 1039 2938 Zonar.
1053 2883 1096 2939 ed.
1110 2883 1204 2939 Titim.
1218 2883 1277 2939 675.

194 2972 217 3041 ⁸)
236 2972 276 3029 cf.
291 2972 356 3027 Hes.
376 3003 412 3012 -
430 2974 529 3027 Altera
547 2971 622 3027 vocis
641 2974 737 3036 κτίλος
756 2973 921 3043 etymologia
940 2989 984 3042 ep.
1004 2972 1105 3028 Herod.
1124 2972 1159 3028 ll.
1178 2991 1204 3043 p.
1219 2973 1279 3028 186.

102 3064 201 3117 Lenta.

147 3151 209 3206 242.
231 3152 251 3216 ¹)
269 3150 315 3206 Sic
333 3149 434 3206 Rindfl.
450 3148 582 3203 restituit.
597 3180 633 3189 —
653 3149 692 3204 01.
707 3150 786 3203 Enst.
801 3167 828 3218 p.
844 3150 923 3218 1205,
938 3150 981 3205 58.
1001 3145 1094 3220 κύμβη
1109 3146 1165 3221 γάρ
1179 3151 1280 3205 πλοίου

104 3232 192 3303 εἶδος,
216 3229 234 3309 ᾖ
258 3232 411 3306 ὁμώνυμον
434 3233 573 3306 ποτήριον
595 3234 699 3309 κάμβα.
728 3238 876 3293 simillima
893 3238 995 3307 ubique
1015 3255 1059 3308 ap.
1078 3239 1224 3308 lexicogr,
1244 3239 1279 3295 cl.

104 3329 183 3384 Phot.
203 3327 277 3383 Said.
296 3329 363 3383 Hes.
383 3328 413 3381 B.
433 3329 467 3382 A.
488 3328 549 3395 274,
568 3328 611 3382 28.
630 3327 675 3382 Et.
691 3328 728 3382 M.
743 3328 803 3392 545,
823 3329 865 3381 31.
885 3327 1013 3382 Ε1.6ιι(1.
1033 3329 1095 3397 434,
1113 3329 1156 3384 43.
1176 3328 1221 3383 Or.
1235 3329 1279 3396 81,

104 3418 146 3471 17.
165 3418 209 3482 86,
228 3417 271 3470 26.
299 3416 395 3471 Naber
412 3415 578 3471 Photianam
597 3415 717 3484 glossam
736 3416 890 3484 damnavit,
911 3432 972 3471 cum
991 3416 1021 3470 in
1040 3418 1126 3486 Harp.
1146 3422 1279 3472 recurrat.

103 3505 166 3561 Non
189 3509 285 3560 tamen
307 3509 363 3571 est,
388 3521 438 3560 cur
460 3521 524 3559 enm
547 3521 704 3573 sequamur.
733 3507 792 3560 Iam
811 3505 1001 3560 Herodianum
1024 3505 1109 3560 simili
1132 3508 1212 3561 modo
1230 3521 1280 3560 sua

104 3593 260 3663 explicasse
284 3592 375 3648 disces
399 3609 434 3648 ex
457 3593 547 3648 Schol.
567 3593 645 3648 Dem.
664 3611 691 3663 p.
712 3595 777 3661 618,
798 3594 822 3648 7.
846 3594 913 3648 Ddf.
936 3593 983 3662 (ci.
1006 3595 1109 3649 Herod.
1128 3595 1150 3648 1.
1169 3596 1235 3661 358,
1253 3596 1279 3648 5.

104 3683 165 3748 361,
175 3683 201 3736 3.
221 3681 326 3747 Lenta,
341 3682 391 3737 nbi
406 3681 531 3736 scholion
545 3682 615 3736 illud
630 3681 823 3748 desideratur).
842 3682 955 3752 Didymi
971 3683 1083 3737 fuerunt
1093 3684 1186 3750 verba,
1197 3677 1279 3737 αὐτο-

105 3769 184 3836 λεξεί
202 3770 306 3838 ubique
324 3771 454 3839 repetita,
469 3771 504 3826 cf.
518 3770 650 3826 Schmidt.
671 3771 787 3827 111575,
802 3772 867 3825 Ath.
879 3772 927 3826 Xl.
942 3772 1031 3826 481F.
1047 3772 1153 3824 —Iam
1172 3770 1279 3839 pridem

104 3857 243 3913 atticislas
267 3859 302 3913 de
325 3858 376 3912 illa
399 3859 491 3929 glossa
514 3859 671 3929 disputasse
695 3866 814 3928 apparet
838 3876 873 3914 ex
897 3861 963 3913 Ath.
989 3859 1036 3914 XI.
1055 3860 1147 3914 483A.
1176 3854 1279 3931 κύμβη.

108 3940 271 4014 Φιλήμων
291 3942 322 4001 ἐν
335 3954 397 4011 ταῖς
409 3945 541 4012 Ἀττικαῖς
558 3955 667 4017 φωναῖς
686 3949 823 4017 ποτηρίου
837 3940 919 4011 εἶδος,
939 3948 973 4003 cf.
987 3948 1019 4002 R.
1033 3949 1145 4004 Weber.
1159 3948 1188 4002 in
1201 3949 1279 4003 Com·

104 4038 218 4090 montet.
237 4035 372 4090 Ribbeck.
392 4053 419 4105 p.
438 4037 498 4092 445.

149 4124 210 4178 243.
229 4125 252 4192 ¹)
271 4125 352 4179 Conv.
367 4126 447 4180 Phot.
470 4125 610 4180 Nonnulla
628 4125 657 4179 in
677 4125 766 4180 Schol.
783 4125 861 4179 Hom.
875 4126 944 4181 Ven.
958 4128 992 4180 A.
1010 4128 1037 4180 B
1051 4127 1112 4183 582.
1138 4126 1190 4195 Ap.
1201 4127 1279 4180 Eust.

104 4212 186 4282 plura
210 4213 334 4282 ejusdem
357 4213 467 4284 generis
491 4213 653 4270 afferuntur.
692 4214 770 4268 Haec
789 4216 977 4270 tantummodo
1001 4232 1036 4270 ex
1060 4215 1111 4270 illo
1134 4216 1195 4271 loco
1214 4215 1280 4270 atti·

104 4300 193 4357 cistae
212 4302 425 4372 adsignaverim.

150 4391 210 4444 244.
232 4392 252 4458 ¹)
272 4391 353 4447 Oonv.
373 4392 452 4447 Phot.
471 4392 545 4447 Suid.
566 4390 602 4446 oi.
622 4391 688 4446 iles.
