3000 5040
719 171 761 238 56

161 335 300 415 κίζειν·
334 336 550 416 νοθολογεῑν,
582 335 639 397 καὶ
673 328 962 417 αἰγυιιτιάζειν·
996 323 1036 398 τό
1067 328 1328 420 ιιονηρεόεσθαι,

160 441 374 526 κρητλζειν·
416 431 454 504 τό
492 435 693 522 ψεύδεσθαι,
730 435 966 522 λεσβιάζειν·
1012 429 1052 504 τό
1091 437 1328 526 αἰσχροποιελν,

161 541 467 628 αἰξωνεόεοβαι·
491 538 531 610 τό
555 551 761 631 κακολογεῖν.
787 545 840 630 (cf.
859 545 978 612 Nauck.
997 568 1027 630 p.
1049 545 1135 632 179.)

248 654 421 719 Eustath.
440 676 469 736 p.
490 655 562 730 741,
584 654 632 717 14.
656 649 878 734 λεσβιάσαι·
901 644 942 719 τό
967 651 1108 739 αἰσχρῶς
1125 658 1272 736 μολῦναι
1289 645 1326 718 τό

161 757 266 846 στόμα
289 753 387 825 κατὰ
407 760 548 825 Αἴλιον
571 756 793 826 Διονύσιον.
823 759 874 846 (fr.
894 760 992 846 243).
1025 758 1178 845 Sequitur
1200 781 1326 845 prover-

159 869 246 934 bium
255 859 338 953 μετὰ
348 867 482 948 λε’σβιον
491 859 593 952 ῳδόν,
609 873 650 944 ot,
665 868 749 952 quod
764 869 889 951 saepius
903 865 972 932 fieri
987 867 1131 944 vidimus,
1145 871 1326 952 excerptum

160 975 434 1059 Aristophanoum,
453 995 514 1057 quo
533 974 620 1040 Eust.
639 974 798 1051 utebatur,
822 977 931 1059 ipsum.
955 974 999 1059 (p.
1020 974 1094 1050 741,
1113 973 1181 1060 21).
1213 973 1326 1040 Lexica

159 1082 237 1147 haec
269 1104 308 1146 ex
335 1081 557 1165 Aristophanis
589 1081 735 1146 doctrina
762 1086 939 1148 servarunt:
971 1081 1144 1163 schuttera
1171 1080 1212 1146 cf.
1236 1081 1325 1146 Phot

159 1193 320 1253 κιλλικιόν
343 1210 367 1254 s.
391 1187 412 1253 f.
436 1187 537 1253 Schol.
561 1187 613 1252 Ar.
633 1188 704 1254 Pac.
723 1188 811 1264 363„
834 1183 1063 1272 αἰγυπτιάζων
1086 1186 1124 1254 cf.
1143 1187 1194 1254 ut.
1214 1187 1256 1252 Μ.
1277 1188 1325 1263 29,

159 1297 210 1361 23.
233 1295 306 1362 Hes.
330 1294 416 1361 Suid.
441 1293 542 1360 Schol.
566 1294 620 1359 Ar.
640 1294 721 1359 Nub.
743 1296 836 1360 1128.
858 1294 893 1362 Β.
918 1294 954 1359 A.
975 1294 1053 1372 354,
1076 1295 1139 1372 13„
1161 1295 1325 1382 κρητίζων

159 1403 196 1469 cf.
211 1403 302 1468 Phot.
318 1401 404 1468 Suid.
423 1401 497 1466 Lex.
516 1401 645 1467 Bachm.
666 1401 740 1479 283,
757 1402 815 1478 ia,
833 1396 1018 1483 λεσβιάζειν
1037 1399 1326 1468 olfactantes

159 1549 201 1558 -
221 1504 463 1590 αἰξωνεόεσθαι
486 1507 524 1572 cf.
539 1508 574 1572 B.
593 1507 631 1572 A.
649 1508 725 1586 353,
743 1507 794 1573 31.
815 1509 873 1595 (=
891 1507 977 1574 Suid.
997 1507 1038 1592 gl.
1056 1507 1102 1595 4.)
1120 1506 1195 1573 Hes.
1215 1507 1267 1573 Et.
1286 1507 1324 1572 M.

159 1616 210 1693 36,
229 1617 281 1680 57.
302 1615 387 1681 Suid.
407 1653 448 1662 -
473 1615 531 1698 Ap.
550 1614 668 1680 Nauck.
686 1638 716 1699 p.
738 1615 809 1680 181.
830 1637 868 1680 ex
890 1615 977 1680 Eust.
995 1614 1109 1680 habes:
1132 1613 1326 1696 Αἰξωνεῑς

158 1714 220 1809 γὰρ
245 1718 410 1809 δημόται
427 1714 582 1802 Ἀττικοὶ,
606 1718 841 1808 σκωπτόμενοι
864 1713 911 1800 ὡς
933 1717 1130 1806 κακολόγοι,
1153 1712 1250 1787 καθά
1272 1722 1327 1786 καὶ

159 1826 192 1894 οἱ
214 1824 381 1915 Σφήττιοι
405 1827 460 1893 ἐπὶ
483 1819 662 1915 ἀγριότητι.
700 1829 798 1895 Unois
822 1829 959 1905 inclusit,
982 1828 1066 1913 quod
1088 1828 1129 1893 ab
1153 1827 1251 1894 huius
1273 1849 1326 1913 ge-

159 1937 243 2002 neris
265 1936 440 2020 glossarum
462 1936 623 2020 proposito
647 1935 750 2002 aliene
774 1957 841 2002 esse
863 1936 1060 2002 videbantur.
1105 1935 1256 2001 Fortasse
1279 1956 1327 2000 se·

159 2043 318 2127 iungenda
341 2049 428 2121 sunt,
456 2065 526 2108 cum
550 2044 591 2108 ad
615 2044 771 2130 δημοτῶν
796 2037 978 2128 σκυόμματα
1001 2064 1060 2108 vox
1083 2037 1328 2124 αἰξωνεύεσβαι

160 2156 289 2234 spectet.
334 2149 444 2234 Neque
466 2155 573 2214 tamen
601 2150 787 2234 expellenda
814 2156 895 2215 sunt.
943 2149 996 2214 Ar.
1019 2149 1092 2233 Byz.
1117 2150 1203 2214 enim
1231 2149 1328 2215 etiam

159 2256 217 2322 has
240 2257 401 2322 irrisiones
424 2279 458 2323 se
479 2257 677 2340 prolaturum
701 2279 768 2322 esse
787 2249 871 2345 (άιιο
896 2256 932 2322 δὲ
952 2296 993 2304 -
1012 2256 1070 2321 καὶ
1089 2251 1224 2342 δήμων
1247 2259 1328 2321 aoi-

159 2364 215 2429 λαὶ
246 2364 448 2451 βλασφημίαι
480 2365 564 2452 κτλ.)
595 2366 792 2449 promiserat.
844 2364 997 2430 Doctrina
1023 2363 1078 2427 illa
1105 2364 1225 2447 optime
1252 2383 1327 2446 pro·

159 2471 260 2537 fertur
287 2493 335 2556 ap.
363 2471 454 2537 Phot.
482 2466 685 2558 Σφήττιοι.
722 2473 824 2557 δῆμος
856 2478 914 2557 τῆς
939 2461 1174 2554 Ἀκαμαντίδος
1207 2473 1327 2556 φυλῆς·

159 2579 402 2664 κωμῳδοῦνται
431 2578 466 2643 δὲ
494 2571 540 2655 όις
568 2570 706 2664 όξεῑςῑ),
738 2569 852 2663 ὥσπερ
880 2570 1072 2662 Άχαρνελς
1099 2568 1225 2662 ἄγριοι,
1252 2577 1328 2641 Πο-

159 2681 293 2769 τάμιοι
317 2677 350 2750 δ’
369 2677 415 2761 ὡς
438 2681 561 2774 ῥᾳδίως
585 2680 758 2769 δεχόμενοι
780 2675 860 2761 τούς
882 2679 1066 2770 ἐγγράφους
1089 2682 1124 2768 (l.
1143 2705 1328 2769 παρεγγρα-

160 2791 329 2878 φομένους
347 2793 460 2878 Meier)
479 2787 612 2878 νόμους.
637 2792 675 2859 cf.
691 2791 777 2859 Suid.
792 2792 843 2857 Et.
864 2792 905 2856 M.
926 2792 998 2867 738,
1016 2790 1068 2854 44.
1086 2789 1162 2854 Lex.
1178 2789 1328 2856 Cantaba.

159 2923 188 2985 p.
211 2899 284 2964 Lex.
308 2899 442 2965 Vindob.
466 2901 514 2966 ed.
538 2900 659 2966 Nauck.
682 2923 711 2984 p.
731 2899 805 2976 358,
824 2900 853 2965 5.
873 2898 946 2964 Lex.
965 2896 1092 2963 Bachm.
1114 2896 1190 2974 377,
1209 2897 1262 2965 30.
1287 2936 1328 2945 -

161 3006 233 3071 Alie.
251 3007 318 3070 eius
337 3005 462 3090 generis
481 3008 586 3090 glossa
603 3011 651 3072 est
669 3005 755 3073 Suid.
783 3000 987 3091 Θυμοιτάδ
992 3027 1042 3070 αι·
1063 2993 1173 3083 οὕτως
1191 3001 1329 3091 ἐκωμῳ-

160 3113 283 3178 δοῦντο
307 3109 341 3177 οἱ
357 3104 519 3198 Ἀχαρνεῑς
542 3105 588 3190 ὡς
611 3106 719 3198 άγριοι
741 3115 798 3178 καὶ
817 3113 963 3200 σκληραί.
984 3151 1026 3160 -
1045 3112 1153 3178 Tertia
1172 3116 1222 3178 est
1241 3111 1330 3180 Suid.

159 3219 209 3285 Et.
220 3219 260 3284 M.
277 3219 350 3295 288,
372 3219 420 3284 15.
441 3221 700 3304 δρυαχαρνεῦ·
721 3217 833 3306 δρόινε
847 3213 1011 3306 Άχαρνεῦ,
1031 3210 1225 3305 άναίσθητε.
1246 3217 1329 3285 ἐκω-

159 3325 336 3410 μῳδοῦντο
363 3317 426 3412 γὰρ
454 3322 487 3391 οἱ
504 3318 666 3412 Ἀχαρνεϊς
689 3320 735 3403 ως
757 3320 865 3412 άγριοι
887 3328 945 3392 καὶ
968 3325 1113 3413 σκληροὶ.
1161 3322 1330 3410 Ποτάμιοι

161 3432 196 3497 δὲ
220 3423 266 3509 ὡς
288 3427 411 3520 ῥαδίως
431 3427 602 3517 δεχόμενοι
624 3424 704 3510 τοὺς
726 3429 983 3519 παρεγγράῳους
1005 3428 1171 3519 <νόμους>.
1206 3434 1329 3517 θυμοι-

159 3535 258 3605 τάδαι
281 3539 338 3603 καὶ
360 3535 636 3624 Προσπάλτιοι
663 3532 710 3617 ὡς
738 3540 931 3606 δικαστικοὶ.
961 3541 998 3606 cf.
1017 3540 1090 3605 Hes.
1109 3577 1149 3588 —
1175 3537 1228 3604 Ad
1251 3561 1328 3606 eun-

250 3862 270 3928 1)
289 3863 414 3917 Eandem
431 3861 583 3916 doctrinam
599 3863 759 3933 Didymus
779 3861 912 3918 exhibuit.
932 3861 966 3916 cf.
980 3862 1045 3917 Ath.
1059 3864 1093 3916 ΙΙ.
1109 3863 1191 3918 otu.
1208 3860 1329 3935 Ἀριστα·

161 3946 250 4018 φάνης
269 3947 300 4005 ἐν
314 3946 435 4023 Πλούτῳ
454 3952 526 4017 (720)
545 3953 639 4020 φησὶν,
659 3948 723 4018 όξεῐ
738 3949 865 4019 διέμενος
879 3952 1024 4024 Σφηττίῳ.
1054 3952 1204 4020 Δίδυμος
1223 3947 1250 4006 δ’
1265 3948 1328 4021 ἐξη-

160 4036 299 4109 γούμενος
326 4037 358 4094 τὸ
387 4035 518 4111 ἰαμβεῖόν
546 4058 645 4110 φησιν·
674 4037 740 4105 ἴσως
768 4036 839 4096 διότι
861 4035 1002 4110 Σφήττιοι
1025 4037 1100 4107 ὀξεῖς
1124 4040 1159 4096 ef.
1177 4042 1243 4096 Hes.
1261 4033 1329 4106 ὄξος

160 4123 329 4197 Σφήττιον,
345 4130 423 4184 Phot.
438 4147 459 4184 s.
473 4147 506 4197 v.,
526 4131 560 4184 cf.
575 4131 699 4186 Schmidt
715 4131 778 4186 Did.
793 4148 821 4200 p.
836 4131 878 4186 76.
894 4132 954 4185 247.
967 4161 1003 4171 -
1015 4131 1141 4186 Schmidt
1153 4131 1203 4200 Qu.
1218 4131 1284 4186 Hes.
1299 4147 1327 4200 p.

160 4218 285 4273 CXXIX.
322 4219 462 4274 Athenaei
481 4220 566 4275 verba
584 4222 620 4275 ad
638 4221 812 4289 Pamphilum
830 4223 951 4276 revocat.
985 4219 1146 4289 Pamphilus
1170 4220 1256 4290 igitur
1274 4235 1327 4289 per

160 4308 309 4379 Didymum
328 4322 363 4361 ex
381 4308 569 4378 Aristophane
588 4316 726 4364 mutuatus
746 4316 795 4364 est.
