3000 5040
728 252 771 317 34

160 416 292 480 lemma
323 411 542 477 tantummodo
576 411 710 477 eiectum
741 417 774 477 et
800 411 936 496 posteris
963 409 1065 494 igitur
1092 412 1249 496 ignotum
1275 412 1342 479 fuit

161 519 206 586 cf.
226 543 255 604 p.
275 519 350 595 940,
369 518 410 582 27
436 517 487 602 (fr.
509 518 588 602 296)
614 513 799 584 οακεῦειν
818 519 900 604 φησὶ
921 508 961 582 τὸ
985 509 1113 599 alligato
1137 510 1342 607 ὡςἪρόόο-

47 675 51 681 -
160 650 218 703 τος
238 621 390 712 χρήματα
414 617 697 708 ὑποοακιζόμενοι
724 626 780 689 καὶ
804 617 1021 705 ῦποοακίζειν
1042 631 1104 710 τῆς
1128 616 1231 691 ὁδοῦ.
1279 627 1344 692 lam

161 733 261 798 Meier
288 733 345 816 Op.
365 732 404 796 Il.
428 755 457 815 p.
478 733 519 796 79
548 731 760 816 fragmentum
787 732 952 798 turbatum
979 752 1048 797 csso
1073 733 1233 799 ostendit
1282 733 1343 799 Vo-

160 861 211 905 ces
237 835 388 924 χρήματα
418 830 702 923 ῦποοακιζόμενοι
733 860 848 904 novam
878 838 1016 923 glossam
1043 837 1225 923 incipiunt,
1259 840 1344 926 qnod

160 945 277 1011 Herod.
295 945 350 1012 IV.
369 946 412 1010 23
436 947 477 1011 ad
506 941 660 1011 οακεῦειν
687 947 825 1030 respicit.
870 945 969 1010 Maior
997 946 1095 1029 igitur
1123 952 1195 1013 tres
1219 949 1344 1033 glossas

159 1052 257 1117 fuisse
279 1058 398 1118 censet:

251 1162 278 1224 1.
312 1154 479 1224 οακεύειν·
502 1153 542 1224 τὸ
567 1150 705 1238 oligeto·
725 1149 912 1243 Ἡρόδοτος.

249 1267 277 1331 2.
309 1263 459 1352 χρήματα
482 1259 777 1349 ὑποοακιζόμενοι·
803 1257 952 1331 ἀναλοῦν
974 1266 1032 1330 καὶ
1054 1258 1295 1353 ὑφαιρεῖσθαι.

249 1374 278 1440 3.
310 1366 529 1452 ὑποοακίζειν
552 1378 611 1456 τῆς
635 1363 730 1436 ὁδοῦ·
755 1368 974 1456 προκόπτειν.

161 1480 308 1569 (Heydon
326 1502 355 1562 p.
376 1481 450 1544 218.
469 1477 585 1544 Rindfi.
605 1501 634 1562 p.
655 1479 727 1543 104.
751 1500 880 1561 prorsus
898 1479 988 1543 illum
1006 1483 1192 1563 sequuntur.
1231 1479 1343 1546 Nabar

159 1588 201 1652 ad
228 1586 319 1652 Phot.
349 1578 581 1664 ὑποοακίζειν,
610 1576 765 1650 ....τό
797 1581 1007 1671 προκόπτειν
1038 1587 1096 1650 καὶ
1126 1577 1340 1672 ἀναλογοῦνε

159 1714 219 1776 pro
242 1691 380 1757 Dobraei
404 1683 553 1757 ἀναλοῦν
571 1691 710 1756 scribere
728 1692 848 1756 mavult
871 1682 936 1756 ἄνα
955 1687 1066 1776 λόγον.
1099 1692 1246 1758 Dobraei
1265 1714 1339 1760 con-

158 1798 282 1864 icctura
304 1797 476 1881 Phrynichi
499 1800 688 1863 auctoritate
714 1796 859 1862 firmatur
881 1799 916 1864 B.
935 1797 972 1863 Α.
992 1798 1048 1875 68,
1067 1798 1134 1884 30.)
1160 1836 1205 1847 —-
1235 1800 1339 1879 Quam

78 1954 81 1958 .
159 1904 462 1970 reconstructionem
489 1904 562 1969 ideo
589 1903 831 1987 improbandam
858 1925 926 1970 esse
952 1911 1044 1988 puto,
1072 1905 1157 1989 quod
1181 1901 1339 1992 χρήματα

159 2002 442 2093 ὑποσακιζόμενοι
470 2015 581 2076 contra
610 2012 716 2076 omnia
743 2010 1038 2096 lexicographorum
1060 2011 1207 2094 exempla
1230 2011 1338 2078 infini-

160 2118 233 2182 tivis
253 2117 475 2201 explicaretur:
498 2119 668 2201 participia
690 2119 785 2183 immo
809 2119 1031 2201 expectaveris.
1067 2117 1176 2182 Photii
1199 2119 1337 2203 vestigia

159 2244 303 2306 premere
326 2224 434 2288 malim
457 2230 490 2288 et
513 2224 558 2289 sic
580 2225 737 2290 atticistas
761 2225 923 2308 scripsisse
945 2229 1038 2307 puto:

249 2322 476 2412 ῦποσακὶζειν·
510 2324 715 2416 ῦπεξαιρεῑν·
749 2324 899 2396 ἀναλοῦν
923 2333 980 2396 καὶ
1004 2380 1148 2396 ······
1172 2325 1336 2416 »χρήματα

160 2430 461 2522 ὑποοακιζόμενοῦ,
484 2439 531 2503 ita
549 2445 585 2502 ut
601 2445 715 2524 χρῆσις
734 2440 798 2503 sint
816 2437 913 2503 verba
930 2461 959 2521 χ.
981 2429 1010 2502 ὑ.
1031 2437 1180 2522 (fortasse
1198 2437 1335 2525 comica)

250 2537 467 2625 ῦποοακίζειν
482 2550 540 2632 τῆς
555 2537 647 2610 ὁδοῦ.
677 2546 760 2627 φασὶ
778 2536 818 2610 τὸ
832 2540 1053 2630 προκόπτειν.
1068 2581 1112 2592 -
1125 2542 1236 2609 Nabar
1249 2544 1334 2609 Prol

161 2675 191 2736 p.
212 2652 273 2718 171
300 2658 340 2718 et.
358 2653 378 2716 l.
397 2653 431 2728 1.,
450 2652 534 2735 quod
563 2653 692 2717 eaedem
720 2652 918 2735 corruptelae
940 2656 1037 2737 atqua
1059 2651 1093 2716 in
1114 2649 1210 2715 Phot.
1234 2652 1334 2716 etiam

161 2759 194 2822 in
222 2758 272 2824 Et.
297 2759 338 2823 Μ.
364 2758 442 2835 783,
466 2759 508 2822 26
536 2762 716 2835 recurrant,
745 2758 957 2842 etymologum
983 2779 1042 2823 sua
1068 2778 1108 2821 ex
1129 2755 1247 2822 Photio
1276 2758 1333 2823 de-

161 2865 351 2948 prompsisse
370 2863 516 2930 affirmat.
544 2865 676 2948 Heyden
694 2865 714 2928 l.
725 2865 745 2929 l.
760 2866 835 2930 inde
855 2863 939 2930 effici
957 2865 1129 2941 contendit,
1147 2855 1332 2950 ῥητορικὴν

161 2970 251 3051 λέξιν
274 2971 315 3036 ab
340 2972 517 3054 etymologo
540 2971 703 3036 laudatam
726 2993 765 3035 ex
783 2971 933 3037 atticistis
951 2971 1098 3037 haustam
1116 2991 1193 3036 esse.
1231 2971 1332 3049 Quem

161 3098 285 3162 sequor,
308 3078 474 3160 quodiam
493 3079 577 3160 apud
596 3078 769 3142 atticistam
788 3079 890 3161 ipsum
911 3078 959 3165 (in
977 3077 1015 3143 fr.
1034 3077 1104 3146 296,
1117 3076 1231 3161 allato)
1250 3097 1331 3142 non-

160 3184 248 3249 nulla
270 3182 401 3247 turbata
423 3189 505 3260 sunt,
527 3204 609 3266 quae
631 3184 718 3267 apud
740 3188 931 3268 posteriores
955 3205 1062 3250 omnes
1084 3183 1227 3250 redeunt.

249 3289 395 3355 Alterum
414 3290 590 3373 exemplum
609 3290 767 3355 lemmatis
787 3292 894 3356 omissi
908 3292 992 3357 redit
1006 3293 1040 3355 in
1054 3290 1091 3356 fr.
1108 3289 1192 3354 251⁸
1205 3285 1329 3377 μάλθῃ.

160 3397 199 3463 of.
218 3402 282 3464 not.
302 3397 331 3461 2.
376 3395 448 3462 Non
471 3397 555 3461 enim
577 3388 726 3480 μαλακὸς
749 3394 865 3484 κηρός,
889 3398 943 3482 qui
966 3398 1111 3463 omnibus
1133 3403 1230 3463 notus
1253 3403 1332 3474 erat,

160 3504 198 3570 A.
216 3503 369 3588 Dionysio
393 3503 597 3587 explicandus
620 3511 698 3581 erat,
722 3505 778 3570 sed
801 3505 905 3587 glossa
928 3504 1121 3582 oblitterata,
1144 3525 1240 3587 quam
1264 3509 1331 3588 ety-

159 3610 314 3694 mologica
336 3616 510 3676 servarunt.

249 3718 394 3783 Alterum
416 3739 515 3802 genus
538 3717 789 3802 corruptelarum
811 3724 867 3796 est,
890 3725 927 3784 ut
949 3740 1060 3784 voces
1083 3717 1169 3802 apud
1188 3717 1285 3791 Euat,
1299 3722 1331 3783 et

160 3825 245 3909 apud
268 3826 415 3910 lexicogr.
435 3826 640 3909 explicentur,
664 3846 757 3909 quas
779 3847 885 3891 nemo
908 3846 1070 3909 unquam
1093 3825 1249 3890 audivit.
1281 3823 1330 3888 Ex

160 3931 197 3996 fr.
209 3932 260 3996 87.
279 3939 423 4017 apertum
443 3939 499 4011 est,
518 3933 707 3998 Pausaniam
725 3928 921 4018 τιτιγόνιον·
946 3927 1098 4015 ζοούφιον
1118 3921 1238 4015 ὅμοιον
1255 3929 1329 3996 τέτ-

159 4059 225 4121 τιγι
243 4038 276 4101 in
295 4040 395 4104 lexico
414 4061 470 4105 suo
489 4041 669 4125 explicasse.
701 4038 793 4104 Phot.
809 4046 841 4104 et
858 4041 931 4105 Hes.
947 4061 1021 4104 vero
1040 4039 1159 4123 glossas
1179 4037 1330 4102 exhibent

159 4140 326 4227 τιγόνιον.·
345 4145 401 4210 ἐπὶ
418 4149 541 4233 νηπίου
560 4149 694 4213 τίθεται
713 4153 746 4212 et
764 4147 835 4212 Hes,
850 4141 1014 4230 τιγόνιον·
1036 4141 1123 4222 εἶδός
1141 4167 1174 4208 τι
1187 4135 1329 4230 Ἄριστο-

159 4249 256 4314 τέλει.
298 4251 443 4336 Utraque
462 4255 566 4338 glossa
584 4275 640 4320 suo
659 4255 729 4319 loco
748 4253 893 4328 occurrit,
916 4254 936 4318 i.
956 4274 981 4317 e.
1001 4258 1074 4336 post
1096 4273 1203 4317 vocem
1225 4251 1329 4335 τίγγα,

159 4357 244 4421 unde
267 4359 332 4422 iam
354 4360 555 4427 manifestum
579 4366 636 4440 est,
658 4380 760 4443 neque
782 4358 931 4424 Photium
955 4381 1058 4442 neque
1081 4357 1273 4442 Hesychium
1296 4356 1330 4421 in
