3000 5040
650 243 712 308 too

84 403 242 468 ναικείου
260 403 381 487 μορίου
400 403 512 485 φασίν.
535 405 702 488 Κρατῖνος
722 402 774 489 (fr.
794 403 866 466 381.
886 401 996 489 Kock).
1017 396 1133 489 δὲτὴν
1152 396 1262 486 ὀσφύν

85 498 199 586 ούτως
223 503 295 595 ἔφη.

180 615 251 680 185.
283 615 457 681 Eustath.
476 639 505 700 p.
533 617 702 693 1864,14.
736 617 831 682 δοκεῖ
857 614 895 682 δέ
921 638 954 679 τι
981 606 1067 701 πρὸς
1093 617 1262 702 πονηρίαν

85 728 139 806 τῳ
161 716 308 806 τοιούτῳ
327 713 504 807 Εύρυβάτη
525 722 752 806 συμβαλέσθαι
776 723 833 786 καὶ
855 713 876 808 ἦ
894 723 1014 806 πατρὶς
1027 714 1175 804 Ἔφεσος,
1199 714 1261 802 ἀφ’

85 816 128 914 ἧς
150 829 207 893 καὶ
230 830 392 913 παροιμία
414 820 455 894 τὸ
475 820 627 911 Ἐφέσια
649 824 854 914 γράμματα
878 827 934 893 ἐπὶ
957 835 1027 892 των
1050 820 1163 913 ἀσαφῆ
1186 850 1262 892 τινα
1290 851 1302 889 5

86 929 288 1000 λαλούντων
312 936 367 999 καὶ
392 932 750 1022 δυσπαρακολούθητα.
781 933 909 1019 ἐπῳδαὶ
932 930 994 1019 γάρ
1018 934 1120 1013 τινές,
1149 950 1262 1015 φασιν,

85 1032 219 1122 Ἐφέσια
242 1037 416 1126 γράμματα
440 1040 551 1106 ἐκεῖνα
569 1030 665 1128 ἦσαν,
689 1033 727 1118 ἃς
750 1044 807 1106 καὶ
825 1044 971 1126 Κροῖσος
995 1040 1050 1106 ἐπὶ
1072 1046 1131 1125 τῆς
1153 1046 1263 1125 πυρᾶς

85 1137 196 1212 είπάιν
214 1139 390 1233 ὠφελήθη·
414 1149 471 1212 καὶ
494 1147 531 1212 έν
549 1141 706 1235 Ὀλυμπίῳ
726 1147 772 1227 δέ,
792 1163 883 1230 φασι,
903 1148 1068 1232 Μιλησίου
1090 1138 1183 1222 τινὸς
1206 1147 1263 1209 καὶ

84 1247 238 1335 Ἐφεσίου
261 1250 479 1319 παλαιόντων
502 1245 564 1319 τὸν
583 1251 748 1340 Μιλήσιον
770 1247 814 1340 μὴ
839 1249 1006 1318 δύνασθαι
1028 1253 1183 1317 παλαίειν
1208 1243 1262 1316 6ιά

84 1350 128 1424 τύ
152 1350 213 1424 τὸν
237 1357 353 1446 ἕτερον
376 1362 455 1445 περὶ
477 1368 526 1445 τῳ
545 1353 743 1446 ἀστραγάλῳ
764 1357 849 1443 ’ἐχειν
868 1351 909 1424 τά
928 1352 1059 1440 Ἐφέσια
1077 1354 1261 1453 γράμματα,
1276 1384 1301 1421 10

84 1465 139 1530 οόν
160 1467 388 1550 γνωσθέντων
411 1468 468 1532 καὶ
486 1467 665 1533 λυθέντων
683 1462 920 1552 τριακοντάκις
940 1458 980 1530 τὸ
1005 1464 1123 1550 ἐφεξῆς
1144 1476 1261 1529 πεσεῖν

83 1564 150 1638 τόν
167 1565 362 1658 Ἐφέσιονῑ).
386 1574 615 1650 Παυσανίας
640 1573 676 1638 δέ
694 1589 796 1661 φησιν
817 1571 857 1637 ἐν
876 1580 929 1658 τῳ
948 1564 1036 1636 κατ>
1056 1562 1177 1636 αύτόν
1196 1567 1260 1656 ῥη-

83 1686 237 1764 τορικῷ
265 1683 407 1764 λεξικῳ
435 1680 492 1744 καὶ
521 1671 574 1744 ὅτι
602 1682 716 1762 φωναὶ
743 1668 828 1766 ἦσαν
857 1670 897 1743 τά
925 1670 1054 1760 Ἐφέσια
1085 1673 1260 1762 γράμματα

84 1777 233 1866 φυσικὸν
256 1784 508 1871 έμπεριέχουσαι
536 1794 620 1851 νοῦν
648 1778 863 1867 ἀλεξίκακον,
892 1775 930 1862 ἀς
953 1786 1010 1849 καὶ
1032 1787 1181 1870 Κροῖσον
1205 1782 1261 1849 ἐπὶ

82 1897 204 1976 πυρᾶς,
227 1909 321 1978 φησι
344 1895 410 1957 καὶ
432 1884 565 1973 αύτός,
590 1892 707 1971 εἰπεῖν,
725 1894 780 1956 καὶ
802 1883 854 1957 ὅτι
874 1884 1013 1974 ἀσαφῶς
1031 1892 1088 1955 καὶ
1107 1889 1256 1975 αἰνιγμα-
1274 1913 1298 1953 15

83 1999 204 2075 τωδοῦς
228 2000 324 2064 δοκεῖ
345 1997 400 2064 ἐπὶ
422 2000 541 2064 ποδῶν
564 2001 622 2063 καὶ
645 1994 765 2084 ζώνης,
793 2000 849 2063 καὶ
873 1993 1041 2084 στεφάνης
1064 1993 1259 2082 ἐπιγεγράφ-

83 2109 148 2169 θαι
170 2112 229 2192 τῆς
246 2097 433 2190 Ἀρτέμιδος
455 2097 497 2170 τά
519 2111 660 2171 τοιαῦτα
682 2101 864 2190 γράμματα.

177 2213 248 2278 186.
281 2212 452 2277 Eustath.
472 2235 501 2296 p.
523 2213 621 2288 1726,
641 2212 692 2276 20.
726 2210 755 2274 εί
783 2210 819 2275 δὲ
843 2204 903 2295 ούχ
926 2203 1007 2297 ἡδύς
1030 2202 1049 2275 ὃ
1073 2205 1150 2275 τότε
1175 2209 1260 2274 κατὰ

81 2309 165 2395 τούς
193 2314 492 2403 δενδρυάζονταςέ)
520 2319 592 2399 βίος
620 2318 678 2382 καί
704 2309 784 2394 τούς
810 2322 1146 2404 βαλανηφαγοῦντας,
1176 2306 1260 2380 ἀλλὰ

82 2431 150 2489 νῦν
178 2417 220 2490 ού
247 2425 325 2511 περὶ
351 2427 428 2506 βίου
450 2431 623 2511 τρυφεροῦ
646 2418 664 2489 ὁ
689 2419 802 2507 λόγος,
831 2415 907 2488 ἀλλ’
932 2416 1101 2509 ἀρχαϊκοῦ.
1133 2413 1259 2507 τραχύν
1273 2446 1300 2485 ao

81 2523 148 2616 γάρ
170 2523 233 2597 τὸν
255 2532 330 2612 βίον
355 2530 487 2597 ἐκεῖνον
510 2526 596 2596 εἶναι
618 2531 676 2594 καὶ
698 2531 861 2615 παροιμία
881 2531 978 2616 δηλοῖ
992 2520 1084 2613 παρὰ
1103 2529 1260 2593 Παυσα-

86 2638 154 2725 νίη
177 2637 334 2722 λέγουσα·
363 2633 534 2721 ,ἔφυγον
557 2628 684 2702 κακὸν
708 2625 826 2722 εύρον
849 2630 1070 2720 aptaverat)
1093 2623 1135 2720 ἣν
1160 2629 1260 2717 ἐ’λεγέ,

83 2760 194 2830 φησι,
217 2755 296 2819 καις
315 2735 509 2830 ἀμφιθαλὴς
517 2746 544 2830 ³)
561 2735 747 2830 Ἀθήνησιν,
771 2742 968 2827 ἐστεμμένος
987 2735 1153 2818 ἀκάνθαις
1174 2731 1258 2825 μετὰ

85 2939 135 2992 Ar.
155 2937 207 3006 Eq.
227 2938 304 2993 1236.
325 2936 359 2992 cf.
380 2939 446 2993 Hes.
466 2954 487 2993 s.
507 2955 531 2991 v.
555 2938 686 3001 καῦστις,
716 2933 919 3007 άμφίκαυσιις,
948 2937 1026 2992 Phot.
1047 2952 1066 2990 a.
1086 2952 1111 2990 v.
1131 2937 1257 2998 καῦοτις,

83 3026 130 3080 Et.
149 3027 188 3081 Μ.
208 3026 251 3091 90,
271 3027 313 3081 33.
333 3027 393 3092 398,
413 3028 457 3081 31.
477 3028 513 3094 gl.
532 3027 556 3080 2.
576 3026 664 3094 Kock,
685 3026 756 3080 Com.
777 3028 798 3081 Ι.
818 3043 845 3096 p.
867 3028 925 3081 119.

130 3116 191 3170 185.
213 3116 233 3182 ¹)
252 3115 417 3170 Rectissime
435 3115 531 3171 Nabar
554 3115 636 3169 Proll.
656 3117 692 3169 ad
714 3116 793 3171 Phot.
813 3133 839 3184 p.
860 3117 902 3170 46.
923 3131 977 3184 sq.,
1001 3131 1062 3168 cum
1086 3118 1144 3167 tres
1167 3111 1259 3166 Photii

82 3204 193 3274 glossae
213 3221 275 3259 cum
293 3205 370 3259 Eust.
391 3205 582 3274 conspirantes
602 3203 752 3272 supersint,
776 3204 894 3273 primam
918 3209 962 3270 (ε
981 3202 1054 3258 said.
1074 3201 1118 3256 at.
1139 3200 1177 3255 M.
1197 3202 1257 3268 402,

83 3293 138 3359 22.)
157 3293 239 3348 Aelio
256 3293 388 3364 Dionysio
408 3293 514 3359 tribuit,
534 3295 652 3347 alteram
667 3303 711 3359 (ε
723 3293 768 3346 Et.
782 3294 819 3347 M.
833 3294 893 3356 402,
909 3294 952 3347 28.
967 3321 1002 3332 -
1017 3289 1103 3346 Gaisi.
1123 3292 1197 3344 male
1216 3289 1257 3344 di·

82 3382 192 3444 stinxitt
212 3398 246 3437 ex
265 3383 355 3437 altera
373 3381 535 3436 recensione
552 3381 668 3448 derivat,
688 3382 799 3436 tertiam
816 3382 971 3436 Pausaniae
990 3381 1132 3435 adscribit.
1165 3379 1258 3434 Prima

85 3474 179 3526 autem
199 3472 364 3526 verbotenus
385 3487 446 3524 cum
465 3472 525 3525 loco
544 3486 628 3539 supra
647 3471 733 3524 allato
758 3471 897 3534 convenit,
922 3469 963 3525 ita
986 3474 1017 3524 ut
1040 3469 1124 3524 etiam
1147 3468 1257 3523 foedum

82 3560 153 3614 illud
177 3560 305 3614 mendum
329 3555 486 3630 τριάκοντα
504 3566 564 3628 (pro
583 3560 651 3628 τρίς,
677 3559 711 3613 cf.
730 3559 859 3613 Philostr.
880 3559 1021 3629 Gymnast.
1042 3560 1077 3612 ΙΙ.
1101 3575 1126 3626 p.
1147 3558 1212 3623 266,
1232 3557 1256 3611 8.

82 3648 199 3719 Kayser.
219 3649 296 3702 Phot.
316 3650 496 3718 τριαχθῆναι)
511 3649 720 3703 accuratissime
733 3651 873 3702 servatum
891 3646 935 3700 sit.
956 3647 990 3701 cf.
1009 3646 1081 3701 Prol.
1097 3663 1123 3714 p.
1142 3645 1186 3700 35.
1214 3643 1257 3697 De

82 3753 114 3792 re
138 3736 173 3792 ci.
199 3735 400 3792 Schneidewin.
424 3737 461 3791 ad
484 3737 563 3806 Diog.
584 3737 631 3792 lv.
651 3737 693 3791 78.
717 3737 783 3791 Lob.
804 3735 939 3805 Aglaoph.
963 3752 990 3804 p.
1010 3735 1087 3789 1163.
1114 3763 1147 3772 -
1170 3733 1256 3786 Plane

88 3825 199 3880 diversa
218 3826 283 3880 Hes.
303 3825 398 3880 tradit.

128 3915 189 3969 186.
211 3915 233 3979 1)
252 3914 286 3968 of.
307 3913 341 3969 fr.
362 3916 423 3970 119.

174 4003 195 4068 ’)
214 4002 296 4058 Conv.
316 4004 394 4059 Phot.
414 4003 489 4059 Suid.
508 4002 684 4074 paucissimis
698 4003 852 4057 immutatis
871 4005 899 4056 et
915 4001 990 4065 Hes,
1010 3999 1058 4054 ubi
1077 3997 1190 4066 στέμμα
1207 4013 1257 4067 pro

84 4086 185 4159 κάμμα
204 4092 352 4160 legendum
372 4098 422 4146 est.
451 4093 548 4147 Paullo
567 4092 649 4161 plura
668 4091 800 4146 differunt
818 4108 862 4158 ap.
883 4090 984 4144 Zenob.
1000 4090 1051 4142 111.
1065 4089 1108 4151 98,
1127 4091 1171 4154 (=
1185 4087 1256 4141 Plut.

85 4181 128 4245 16)
148 4195 239 4249 neque
259 4186 352 4234 tamen
370 4181 455 4236 talem
475 4181 504 4235 in
523 4183 645 4246 modum,
669 4187 700 4235 ut
723 4196 894 4234 communem
913 4177 1015 4233 fontem
1036 4192 1186 4248 agnoscere
1205 4176 1256 4230 im·

83 4267 237 4338 pediamur.
257 4269 335 4338 Diog.
356 4271 402 4325 IV.
422 4271 464 4325 74.

174 4357 196 4430 ⁸)
216 4357 252 4414 cf.
271 4357 304 4413 fr.
323 4360 384 4414 352.
