3000 5040
598 247 601 251 ’
648 277 711 345 153

89 427 212 504 καινὸν
240 429 349 503 οὐδέν.
382 427 435 503 ὅτι
463 439 499 504 δὲ
526 434 640 515 ίιίάους
666 440 723 502 καὶ
746 434 888 524 Δράκων
915 439 972 503 καὶ
994 433 1118 505 Σόλων
1127 438 1154 526 ³)
1182 417 1260 516 τοὺς
1287 488 1290 494 ·
1351 412 1358 423 ⁸

88 539 262 631 μάρτυράς
283 560 400 632 φησιν,
422 543 560 622 Αἴλιος
583 540 791 622 Διονύσιος
814 543 947 630 ἱστορεῖ.

183 651 255 719 152.
283 651 456 718 Eustath.
475 675 504 736 p.
526 653 619 729 1413,
638 652 689 716 37.
717 651 854 729 Αἴλιος
878 652 950 738 δἐι)
974 649 1183 729 Διονύσιος
1205 653 1262 716 καὶ

90 766 154 826 τοῦ
181 755 405 843 indoctior
431 751 492 846 τὴν
520 750 624 845 άρχὴν
652 749 706 824 διὰ
735 754 924 844 διφθόγγου
951 754 1085 845 γράφει,
1114 749 1132 824 ὃ
1157 760 1262 846 δηλοῖ,

91 883 226 954 φησιν,
245 865 376 932 αἰδοῖον
390 864 610 950 ἐκτεταμένον
624 867 681 931 καί
695 854 782 955 ᾆσμα
796 857 1018 931 Διονυσιακὸν
1030 858 1186 953 Ἀθήνησι
1204 868 1261 930 καὶ
1275 915 1276 921 .
1288 884 1319 924 a·

93 964 263 1059 ὲταιρικὸν
286 973 331 1049 δὲ,
353 971 506 1039 τουτέστι
525 975 625 1055 φίλον
647 984 719 1050 ταῖς
739 968 908 1059 ἓταιρίοιν,
932 973 966 1038 αἳ
983 975 1041 1038 καὶ
1064 965 1262 1039 άνασεισί-

92 1082 273 1164 φαλλοῦ)
302 1075 510 1165 φερουνύμοος
536 1079 690 1165 λέγονται
717 1072 808 1166 παρὰ
835 1088 876 1164 τῇ
903 1081 1077 1168 κωμῳδίᾳ,
1109 1072 1156 1156 ὡς
1184 1072 1261 1144 άνα-

93 1188 253 1267 σείουσαί,
271 1203 379 1273 φησι,
398 1179 460 1252 τὸν
474 1183 616 1273 φάλητα,
636 1178 673 1265 ὅς
692 1186 782 1253 ἐστιν
802 1186 932 1252 αίδοίον
952 1180 1082 1272 άνδρός.
1107 1188 1260 1252 Παυσα-

92 1295 180 1372 νίας
204 1293 239 1359 δὲ
264 1286 318 1359 διὰ
346 1290 534 1380 διφθόγγον
560 1291 702 1380 γράφων
729 1296 786 1359 καί
814 1287 915 1371 αὐτός
942 1311 1057 1380 φησιν,
1087 1284 1140 1359 ὅτι
1167 1289 1261 1358 etet-

92 1403 221 1483 φαλλος
244 1399 383 1467 addolor.
406 1402 463 1466 καί
486 1393 505 1467 ὃ
528 1397 706 1487 πρόχειρος
725 1400 771 1478 εἰς
790 1402 984 1482 συνουσίαν,
1005 1402 1062 1466 καὶ
1084 1391 1155 1486 φ’δῆ
1178 1393 1261 1466 ὑπό·
1277 1419 1303 1458 10

92 1529 201 1585 κενος.

185 1613 256 1678 153.
293 1614 466 1680 Eustath.
489 1638 519 1698 p.
546 1615 644 1696 1417,
669 1615 720 1680 30.
757 1617 814 1680 καὶ
842 1613 879 1680 ἐν
907 1613 1065 1680 συνθέσει
1092 1612 1175 1679 ποτὲ
1201 1612 1263 1696 μὲν

92 1716 255 1804 φυλάττει
272 1712 312 1787 τὸ
331 1745 344 1785 ι
362 1720 532 1809 <είκοοι>,
555 1721 641 1787 ποτὲ
660 1721 696 1787 δὲ
715 1713 797 1787 αὐτὸ
818 1721 864 1799 είς
883 1731 904 1786 ᾶ
923 1721 1047 1806 τρέπει,
1065 1715 1140 1785 οἷον
1159 1718 1262 1785 εἰκο-

93 1822 301 1893 σιστάδιον
328 1829 386 1893 καὶ
409 1824 717 1894 εἰκοσαστάδιον
739 1828 877 1906 Αίλιος
900 1824 1143 1911 Διονύσιοςῑ)
1167 1826 1261 1911 λέγει.

93 1924 186 2000 οὕτω
205 1933 244 2001 δέ
261 1950 355 2021 φησι
379 1936 435 2001 καὶ
453 1927 493 2001 τό
512 1936 632 2001 πέντε
651 1934 688 2000 έν
708 1935 864 2001 συνθέσει
884 1930 1058 2017 φυλάττον
1077 1926 1116 2000 τὸ
1134 1946 1159 1998 ε.
1189 1929 1263 1998 οἷον
1279 1950 1303 1989 1⁵

92 2039 320 2128 aemfnqgffl)
344 2041 575 2123 πεντέκλινον,
597 2043 840 2128 πεντέχαλκον,
863 2042 1084 2128 πεντέμηνον,
1106 2036 1263 2107 πεντεσυ-

92 2169 209 2232 ριγγον
228 2144 340 2229 ξύλον,
360 2139 450 2233 ὅμως
472 2143 556 2236 παρ’
575 2145 700 2235 ἑτέροις
719 2141 773 2216 διά
791 2155 854 2214 τοῦ
872 2159 894 2214 ᾱ
917 2149 1046 2234 λέγεται
1069 2143 1264 2234 πεντάπηχυ

92 2245 216 2319 καὶτὰ
238 2246 341 2320 λοιπά
365 2249 496 2340 ὁμοίως.

185 2361 259 2426 154.
301 2362 474 2430 Eustath.
497 2386 526 2447 p.
553 2364 652 2441 1394,
675 2365 727 2428 41.
768 2364 996 2439 Παυσανίας
1030 2361 1065 2428 δὲ
1094 2361 1262 2446 λέγεικαὶ

91 2478 253 2554 γυναῖκας
275 2465 514 2556 rimandae)
540 2461 594 2536 διὰ
617 2462 680 2554 τὴν
703 2466 833 2536 ένδεσιν
857 2476 928 2534 τοῦν
950 2475 1074 2555 μηρῶν.
1278 2483 1305 2522 20

184 2717 207 2786 ⁸)
224 2718 317 2774 Aliam
336 2719 452 2775 formam
465 2717 546 2774 ίδυῑοι
561 2719 655 2789 paullo
674 2723 738 2774 ante
756 2720 882 2788 praebet,
904 2719 938 2774 cf.
952 2718 1067 2773 Seidler.
1081 2719 1117 2772 ad
1130 2720 1177 2773 Ar.
1193 2718 1264 2772 Dae·

93 2809 141 2863 tal.
160 2807 195 2863 fr.
216 2809 240 2862 1.

139 2898 200 2952 152.
220 2898 242 2963 ¹)
259 2896 407 2952 Praecedit
425 2896 458 2951 fr.
478 2899 539 2952 397.
571 2898 638 2953 Cum
651 2897 777 2968 Dionysii
795 2896 922 2952 doctrina
934 2895 1055 2951 concinit
1072 2895 1158 2964 Harp.
1177 2893 1264 2963 (cuius

93 2986 215 3056 epitome
240 3001 283 3055 ap.
302 2986 381 3040 Phot
400 2987 436 3054 gl.
456 2987 493 3053 2.)
514 2986 580 3040 Hes.
599 3002 620 3040 a.
641 3004 665 3039 v.
690 2981 860 3054 efficatior
882 2985 927 3039 Et.
948 2985 1020 3039 flor.
1045 3001 1088 3054 ap.
1108 2983 1178 3037 Mill.
1198 2984 1264 3037 Mel.

93 3092 120 3144 p.
141 3076 248 3130 166-
266 3074 402 3144 Corrupto
420 3081 485 3129 sunt
503 3091 547 3144 ap.
560 3076 638 3130 Phot.
652 3074 717 3144 gl.1
737 3078 782 3141 (=
801 3076 865 3129 Hes.
880 3068 1055 3143 ἰθέφαλλος),
1076 3090 1157 3142 quem
1175 3074 1265 3127 locum

94 3163 170 3218 Suid.
189 3162 343 3217 infeliciter
363 3178 462 3218 sanare
475 3169 589 3218 conatus
607 3168 659 3218 est.
672 3195 705 3203 -
725 3164 835 3232 Aliena,
855 3164 904 3217 sed
924 3169 953 3217 ut
972 3164 1008 3216 ad
1022 3161 1192 3216 simillimum
1205 3162 1265 3216 fon-

93 3259 151 3308 tem
169 3253 306 3307 reducere
325 3252 424 3321 poesia,
443 3269 488 3321 ap.
508 3251 579 3306 Mill.
598 3253 665 3308 Mel.
685 3269 711 3322 p.
732 3253 791 3307 100.
811 3256 854 3320 (=
873 3253 896 3307 B
915 3254 948 3306 A.
968 3252 1030 3319 246,
1050 3251 1111 3317 19),
1130 3251 1179 3306 ubi
1195 3249 1266 3305 lexi-

96 3357 169 3411 cogr.
188 3342 253 3396 add.
273 3330 360 3412 εὗρον
382 3336 433 3410 τὴν
455 3338 532 3406 λέξιν
556 3337 587 3395 έν
605 3343 647 3413 τῷ
666 3339 809 3414 ῥητορικῷ
827 3343 939 3414 λεξικῷ.
960 3340 1085 3410 Heyden.
1105 3357 1131 3409 p.
1150 3340 1211 3395 256.
1230 3341 1267 3394 ad

95 3433 145 3486 att.
163 3429 260 3485 refert.

185 3519 208 3583 '1
225 3519 268 3574 Er
288 3524 438 3574 scortorum
457 3518 583 3589 catalogo
607 3518 725 3588 petitum
749 3517 793 3586 (cf.
812 3519 884 3574 Prol.
903 3536 930 3588 p.
950 3519 1016 3587 53.)‚
1040 3533 1120 3586 quem
1143 3519 1266 3572 lacerum

94 3607 183 3663 habes
207 3623 252 3677 ap.
270 3607 342 3662 Mill.
361 3608 427 3663 Mel.
446 3624 473 3677 p.
493 3608 553 3662 414.
581 3609 709 3663 Eundem
733 3607 837 3678 repetit
858 3607 935 3663 Euat.
957 3609 1038 3675 1329,
1058 3609 1100 3662 33.
1120 3606 1203 3674 1088,
1222 3606 1265 3660 37.

95 3696 235 3752 nonnullis
253 3695 366 3751 vocibus
384 3700 494 3752 auctum
515 3698 592 3761 1921,
607 3698 650 3752 58.
670 3696 718 3762 ita,
737 3700 769 3750 ut
787 3698 823 3752 ad
841 3696 895 3750 lex.
910 3697 980 3750 rhet.
1000 3695 1185 3764 fragmentum
1204 3695 1265 3750 406.

98 3785 198 3840 eadem
217 3783 359 3854 adiungat.
379 3784 413 3840 cf.
432 3786 533 3856 Bergk.
552 3787 628 3840 Poet.
648 3786 711 3856 Lyr.
731 3787 779 3840 11⁴.
797 3802 823 3854 p.
843 3785 904 3840 494.

142 3873 203 3930 153.
224 3873 245 3942 1)
263 3873 414 3929 Atticistae
433 3874 559 3930 doctriua
577 3874 696 3929 recurrit
712 3891 738 3943 p.
754 3875 832 3939 1273,
851 3874 903 3941 33,
923 3872 970 3927 ubi
987 3865 1002 3927 ὁ
1021 3867 1157 3942 γράψας
1170 3871 1266 3926 lauda·

96 3967 150 4018 tur.
177 3961 250 4016 Eum
272 3962 363 4032 ipsum
381 3963 621 4033 grammaticorum
646 3963 749 4018 scrinia
771 3963 874 4018 adiisse
893 3968 1011 4031 apparet
1030 3977 1064 4014 ex
1082 3960 1127 4015 Et.
1148 3961 1185 4014 M.
1205 3960 1266 4023 346,

99 4052 140 4106 14.
160 4052 222 4119 767,
242 4053 292 4117 19,
311 4051 347 4106 cf.
366 4053 468 4107 Herod.
488 4053 531 4108 ed.
550 4054 637 4107 Lentz
657 4053 691 4106 ΙΙ.
711 4069 737 4120 p.
757 4054 817 4117 222,
837 4054 879 4106 13.
899 4053 960 4118 241,
980 4053 1022 4105 11.

187 4140 209 4208 ¹)
228 4139 263 4194 ci.
281 4141 360 4196 Phot
380 4157 401 4195 s.
420 4157 443 4194 v.
463 4140 624 4211 πεντάπηχυ
643 4146 673 4196 et
691 4141 905 4213 πεντεσυρίγγῳ
924 4135 997 4212 ξύλῳ
1017 4146 1061 4206 (=
1081 4140 1157 4204 Hes.)
1176 4138 1265 4192 Schol.

100 4231 148 4284 Ar.
158 4229 209 4298 Eq.
221 4229 290 4285 1049
308 4232 352 4297 (=
362 4229 448 4297 Snid.)
466 4231 552 4284 Moer.
563 4231 623 4298 207,
643 4231 685 4285 34.
702 4230 789 4284 Bekk.
799 4229 899 4299 Phryn.
911 4230 977 4284 Lob.
994 4246 1019 4297 p.
1031 4229 1091 4282 412.
1103 4227 1174 4282 Prol.
1185 4244 1212 4296 p.
1223 4227 1266 4283 25.

144 4318 203 4373 154.
223 4318 246 4388 ¹)
264 4317 372 4373 Similia
385 4319 460 4385 Hes,
474 4319 521 4388 qui
536 4321 739 4375 Anacreontem
754 4321 855 4372 testem
873 4318 969 4373 laudat
986 4318 1097 4387 (Bergk.
1112 4318 1187 4373 Poet.
1203 4317 1267 4385 Lyr.

99 4407 161 4462 111⁴.
184 4423 210 4477 p.
234 4407 304 4475 294).
336 4408 506 4464 domitorum
529 4407 670 4479 propriam
693 4423 786 4463 vocem
814 4406 899 4461 fuisse
923 4411 1031 4463 constat
1058 4423 1093 4461 ex
1116 4408 1180 4461 Ath.
1204 4405 1264 4464 VII.
