3000 5040
625 249 665 314 91

60 409 98 476 δὲ
126 409 184 474 καὶ
208 412 328 494 χρῆσιν
354 402 539 484 Πλάτωνος
562 408 711 489 (Phaedr
735 407 847 492 23οΒ)
876 402 1019 492 ταύτην
1057 398 1077 492 ή
1105 429 1141 471 τε
1168 401 1230 530 γὰρ

59 512 233 592 πλάτανος
248 505 333 600 αὕτη
345 511 433 598 μάλα
447 505 641 600 αμῳιλαφής
655 515 710 578 καί
730 505 840 623 ὑψηλή
859 515 916 579 καὶ
934 521 996 579 τοῦ
1015 508 1120 597 άγνου
1139 508 1230 576 τότε

59 615 149 706 άῳος
171 623 229 687 καὶ
250 612 291 686 τὸ
316 619 453 686 σύσκιον
475 615 659 706 πάγκαλον

154 730 203 793 3.
239 727 332 792 Εαε1
337 727 410 792 ath.
438 750 467 847 p
498 729 576 804 361,
604 729 655 792 37.
694 720 746 793 ὅτι
780 727 815 793 δὲ
848 729 905 792 καὶ
937 720 1100 847 ἀγροτέρα
1126 719 1230 810 Ἀρτε-

58 859 124 920 μις,
148 827 194 911 ῶς
212 835 269 899 καὶ
292 826 311 900 6
335 825 483 918 κωμικὸς
505 825 653 920 δηλοῐ,“
633 860 653 920 η
677 836 734 900 καὶ
752 827 902 920 Ἀγραία
912 836 938 918 ¹)
962 825 1054 919 παρὰ
1073 829 1232 898 Πλάτωνι
1258 851 1271 891 s

59 933 150 1006 κατὰ
182 933 468 1006 Παυσανίαν’
447 932 515 1006 απὸ
545 937 658 1027 χῶρας
689 933 775 1026 πρὸς
807 947 857 1027 τῴ
884 934 1024 1026 Ἰλισσῷ,
1057 929 1086 1024 6
1118 945 1232 1025 κλῆσις
1279 1013 1281 1020 Ι

53 1041 166 1134 Ἄγραι
184 1049 241 1113 καὶ
254 1041 358 1133 Ἀγρα,
376 1035 418 1112 06
436 1039 478 1111 τά
496 1040 598 1132 μικρά
617 1053 675 1134 τῆς
690 1042 892 1134 Δήμητρος’
872 1044 981 1135 ηγετό,
1001 1064 1092 1133 φησι,
1110 1041 1231 1132 μυστή-

60 1179 129 1241 ρια,
152 1145 173 1220 6
197 1153 327 1239 ἐλέγετο
350 1145 392 1219 τά
417 1153 454 1218 ἐν
471 1148 591 1239 Ἀγρας,
616 1146 741 1240 ὁμοίως
763 1162 814 1240 τῶ
838 1153 874 1220 ἐν
893 1148 1100 1242 Ἀσκληπιοῦ.

158 1262 208 1325 14.
250 1261 421 1327 Eustath.
448 1283 479 1344 p.
508 1261 587 1338 326,
615 1261 666 1325 37.
708 1252 777 1327 άιιδ
797 1261 847 1326 ’δὲ
878 1269 941 1327 τοῦ
972 1258 1138 1348 ῥηθέντος
1165 1253 1231 1326 Ἀδ-

59 1363 170 1454 μήτου
189 1362 327 1433 σκολιόν
350 1389 383 1431 τι
392 1367 419 1454 1)
443 1365 481 1432 ἐν
498 1359 651 1452 Ἀθήναις
669 1355 711 1453 ἦν
730 1359 908 1456 ᾀδόμενον,
932 1361 977 1445 ῶς
1000 1370 1058 1432 καὶ
1075 1369 1230 1432 Παυσα-
1245 1383 1272 1423 10

61 1476 150 1550 νίας
173 1474 275 1560 φησὶν
299 1471 337 1538 ἐν
359 1480 408 1558 τῶ
432 1472 547 1557 οἰκείῳ
571 1479 706 1558 λεξικῶ,
730 1474 852 1558 λέγοον,
877 1468 922 1550 ῶς
946 1471 979 1539 ei
1000 1474 1062 1557 μὲν
1080 1466 1231 1539 Ἀλκαίου

60 1572 165 1662 φασίν
189 1571 284 1660 αὐτὸ,
307 1576 340 1645 οἱ
363 1579 399 1644 δὲ
422 1582 599 1662 Σαπφοῦς,
623 1577 656 1644 οἱ
680 1580 716 1646 δὲ
739 1581 926 1666 Πραξίλλης
948 1586 1007 1666 τῆς
1029 1580 1229 1655 Σικυωνίας.

61 1677 145 1773 άρχή
170 1686 206 1752 δε
228 1692 291 1751 τοῦ
312 1685 434 1771 μέλους
457 1677 553 1772 αὕτη·

146 1785 306 1880 Ἀδμήτου
328 1788 432 1877 λόγον
455 1781 484 1856 6
504 1785 606 1877 ’ταῑρε
629 1784 754 1876 μαθῶν
776 1785 856 1870 τούς
879 1785 1030 1878 άγαθούς
1053 1793 1143 1875 φίλει

152 1901 273 1966 δειλῶν
297 1891 331 1966 δ’
354 1892 491 1984 άπέχου,
513 1891 614 1984 γνοὺς
637 1890 690 1965 ὅτι
714 1902 835 1966 δειλῶν
859 1893 954 1984 ὀλίγα
974 1895 1069 1985 χάρις
1245 1911 1271 1951 1⁵

61 2005 152 2074 ἔοικε
181 2007 218 2073 δὲ
246 1998 301 2074 διά
327 2005 390 2092 μὲν
416 2013 501 2086 τῶν
516 1998 659 2091 άγαθῶν
686 1999 747 2093 τήν
774 2008 934 2091 γενναίαν
962 2007 1018 2071 καὶ
1045 2005 1232 2089 φίλανδρον

60 2108 257 2202 ὑποδηλοῦν
274 2107 456 2201 Ἄλκηστιν,
480 2105 534 2179 διά
553 2114 589 2179 δὲ
608 2121 680 2178 τῶν
700 2115 822 2179 δειλῶν
840 2106 902 2180 τὸν
915 2106 1074 2199 Ἀδμήτου
1092 2111 1232 2196 πατέρα,

62 2213 102 2300 ὃς
125 2215 256 2308 ὤκνησε
277 2227 400 2288 θανεῖν
423 2213 509 2306 ὑπὲρ
532 2228 594 2286 τοῦ
616 2217 748 2298 παιδός.

61 2354 151 2433 ίίγνος
173 2362 209 2417 ab
233 2362 365 2418 castitate
387 2363 558 2431 appellatam
578 2376 638 2417 esse
657 2361 814 2431 proferunt,
837 2377 908 2430 quae
931 2359 1095 2431 saepissime
1113 2361 1233 2414 iteratur

61 2451 99 2507 ef.
118 2452 196 2506 Eust.
215 2450 277 2518 834,
296 2451 340 2506 35.
358 2451 403 2506 Et.
423 2451 461 2506 M.
481 2450 542 2517 591,
561 2451 604 2518 50,
623 2451 684 2516 595,
703 2452 738 2506 33
757 2454 787 2505 et
805 2449 895 2518 alias.)

109 2541 151 2595 13.
171 2541 192 2606 1)
210 2540 287 2609 Quae
306 2539 399 2595 omnia
416 2540 453 2595 ad
471 2539 637 2595 Pausaniam
650 2539 744 2594 redire
763 2538 875 2594 docebit
892 2541 924 2593 B.
940 2541 973 2593 A.
988 2540 1049 2605 326,
1068 2539 1111 2593 24.
1127 2532 1231 2608 Ἄγραι·

59 2629 171 2699 χωρίον
190 2621 246 2694 ἔξω
264 2630 315 2697 τῆς
333 2623 444 2691 πόλεως
456 2624 592 2696 Ἀθηνῶν,
614 2617 647 2682 οὗ
667 2623 702 2681 τά
721 2623 809 2697 μικρά
828 2629 878 2695 τῆς
897 2623 1045 2698 Δήμητρος
1063 2619 1163 2697 ἄγεται
1181 2645 1232 2693 μν-

61 2712 180 2788 στήρια,
199 2707 218 2771 ά
236 2714 351 2788 λέγεται
369 2713 404 2770 τά
424 2713 455 2791 έν
470 2708 577 2787 Ἀγρας,
597 2710 636 2780 ὡς
655 2712 687 2770 έν
702 2711 881 2785 Ἀσκληπιοῦ·
904 2710 1087 2787 Φερεκράτης
1107 2715 1233 2786 Γραοοίν

60 2805 106 2874 (fr.
126 2807 169 2861 36.
188 2805 277 2873 Koek)

225 2890 311 2959 εὐθὺς
329 2889 385 2966 γάρ
405 2887 443 2958 ῶς
462 2890 629 2964 ἐβαδίζομεν
648 2890 679 2949 έν
695 2885 791 2964 Ἀγρας

60 2985 112 3072 καί
131 2978 286 3089 Ἀρτέμιδος
308 2985 357 3037 καί
377 2975 473 3054 Ἀγρας
496 2978 599 3037 αὐτόθι
622 2978 656 3036 τὸ
680 2978 768 3053 ίερόν.
798 2978 921 3036 Πλάτων
942 2983 1057 3057 Φαίδρῳ
1080 2989 1118 3053 (p.
1137 2985 1189 3038 229
1199 2984 1233 3052 Β)

60 3063 100 3142 „6
120 3067 193 3143 πρὸς
210 3068 249 3126 τά
262 3072 312 3140 τῆς
326 3065 422 3142 Ἄγρης
436 3071 642 3176 διεβαίνομενῆ
672 3066 866 3140 Κλειτόδημος
878 3071 921 3140 (fr
936 3074 960 3127 1.
973 3073 1086 3140 Miller)
1107 3069 1138 3127 έν
1156 3068 1233 3142 κρώ-

60 3180 104 3233 τῳ
124 3155 254 3224 Ἀτθίδος.
282 3155 317 3214 τά
340 3159 395 3227 μὲν
419 3159 470 3214 σάν
493 3152 551 3214 άνω
575 3155 610 3214 τά
634 3161 686 3215 τοῦ
708 3156 827 3215 Ἰλισσοῦ
851 3156 922 3232 πρὸς
945 3157 1055 3232 άγοράν
1074 3158 1232 3216 Εἰλείθυια

61 3248 222 3320 (Ὠρείθυια
239 3250 350 3305 Ruhnk
375 3249 446 3303 Tim
465 3251 540 3354 2236,
563 3251 606 3321 τῷ
630 3245 657 3301 6'
678 3241 758 3322 ὄχθῳ
783 3243 910 3304 κάλαι”
894 3268 984 3318 ονομα
1003 3245 1110 3324 τούτῳ,
1135 3241 1166 3315 ὃς
1183 3254 1235 3306 νῦν

58 3332 141 3409 Ἀγρα
156 3340 293 3402 καλεῖται,
308 3332 437 3400 Ελικών,
457 3340 505 3392 καί
520 3358 536 3406 6
525 3330 661 3408 (ἐσχάρα
676 3354 727 3393 τον
714 3339 923 3402 Ποσειδῶνος
941 3343 992 3394 τοῦ
1000 3304 1130 3393 Ελικίονί
1131 3357 1164 3394 ου
1119 3334 1233 3393 λίπ’

62 3420 162 3497 ἄκρου.
182 3428 232 3480 καλ
250 3423 282 3482 έν
299 3429 341 3499 τῷ
359 3420 488 3498 τετάρτῳ
508 3423 548 3490 είς
566 3422 599 3480 τὸ
619 3422 698 3498 ἱερὸν
716 3424 750 3481 τὸ
769 3430 903 3499 μητρῷον
921 3423 954 3482 τὸ
973 3424 1005 3482 έν
1019 3419 1133 3499 Ἀγραις.
1162 3429 1233 3483 Doc-

61 3515 166 3570 trinam
184 3515 339 3570 Pausaniae
358 3517 446 3569 multe
465 3513 595 3569 fusiorem
615 3519 644 3569 et
662 3515 721 3570 fers
740 3515 888 3584 genuinam
907 3516 1034 3572 hocloco
1052 3516 1131 3572 nobis
1151 3531 1233 3586 prae-

62 3603 125 3658 beri
143 3602 229 3658 vides.
257 3605 300 3658 De
319 3603 484 3673 corruptelis
502 3603 633 3658 sanandis
653 3603 687 3659 cf.
707 3604 779 3659 Nab.
792 3604 863 3660 Prol.
880 3607 939 3660 136.
959 3604 1037 3659 Muli.
1053 3604 1233 3659 Hist.fr,1.l.

61 3723 97 3731 —
116 3693 148 3747 Β.
167 3693 201 3745 A.
220 3692 286 3758 331,
305 3693 348 3747 11.
367 3684 474 3762 Ἀγραι·
496 3692 604 3763 χωρίον
628 3685 683 3758 ἔξω
702 3695 753 3760 τῆς
771 3688 894 3757 πόλεως,
919 3689 997 3764 ίερδν
1016 3689 1176 3762 Δήμητρος,
1202 3688 1234 3746 έν

64 3770 86 3852 ᾧ
112 3775 147 3833 τά
168 3775 258 3851 μικρά
275 3771 418 3850 μυστήρια
436 3772 545 3850 άγεται.
570 3775 770 3848 ὀνομασθῆναι
799 3779 829 3836 δέ
853 3777 923 3836 αὐτὸ
951 3777 983 3835 οί
1010 3778 1072 3849 μέν
1099 3776 1157 3835 666
1184 3784 1234 3848 τῆς

60 3865 226 3940 Ἀρτέμιδος,
246 3863 390 3940 πρότερον
403 3861 542 3924 Ἑλικῶνα
559 3864 747 3938 καλούμενον,
767 3868 799 3923 ot
817 3868 852 3924 δέ
871 3865 929 3924 άπὸ
948 3873 998 3924 τοῦ
1018 3863 1142 3939 ἔνθηρον
1161 3862 1251 3926 εἶναι.

62 3958 110 4011 καί
129 3957 237 4027 πλῆρες
254 3951 442 4028 ἀγρεύματος.
461 3959 531 4014 Nab.
552 3957 570 4012 l.
589 3958 608 4012 l.
627 3957 689 4012 Ael.
708 3957 840 4029 Dionysio
859 3959 966 4013 tribuit.
987 3955 1015 4012 οί
1031 3955 1086 4024 μὲν
1103 3989 1136 3997 -
1157 3952 1184 4011 oi
1203 3955 1233 4011 δὲ

63 4046 99 4101 ad
115 4040 234 4117 χρήσεις
252 4048 410 4102 revocanda
424 4063 485 4102 esse
500 4052 575 4116 pute,
595 4062 709 4115 quarum
728 4046 805 4117 prior
822 4048 900 4102 loeus
919 4047 1065 4103 Olitodemi
1083 4046 1144 4104 fuit.
1172 4047 1233 4103 Sin-

63 4133 129 4204 gula
146 4135 252 4204 repetit
270 4135 345 4190 Suid.
365 4151 386 4190 s.
407 4152 431 4190 v.
450 4135 495 4189 Et.
509 4137 547 4190 M.
568 4135 681 4202 13,13.,
705 4136 756 4189 sed
772 4134 908 4191 incertum
928 4141 984 4203 est,
1008 4137 1096 4192 utrius
1113 4137 1234 4193 auctoris

63 4223 176 4278 fuerint.
199 4223 267 4278 Hes.
288 4230 433 4293 corruptus
452 4230 503 4279 est.

110 4312 152 4366 14.
172 4314 194 4380 ¹)
212 4313 279 4367 Ath.
294 4313 353 4368 XV.
368 4313 456 4370 6950.
470 4314 576 4368 Eadem
591 4311 716 4368 doctrina
726 4312 816 4368 Sahal.
830 4315 878 4368 Ar.
892 4315 975 4384 Vesp.
991 4315 1067 4372 1240.
1083 4315 1118 4371 ef.
1132 4317 1233 4386 Bergk.

63 4401 139 4456 Poet.
158 4401 222 4472 Lyr.
242 4401 306 4456 111⁴.
325 4418 352 4471 p.
372 4402 433 4458 567.
452 4403 571 4459 Hes-
590 4401 665 4458 Suid.
685 4400 787 4460 lemma
806 4406 914 4459 tantum
931 4404 1046 4476 prefert.
