3000 5040
730 239 774 304 93

260 402 310 467 18.
337 399 512 465 Eustath.
531 423 561 483 p.
583 399 678 476 1279,
696 400 748 466 40.
778 391 831 465 διό
854 390 940 464 κατά
962 391 1043 476 τοὺς
1065 391 1228 477 παλαιοὺς
1245 393 1338 486 Ἀθή-

164 525 265 595 νησιν
294 506 430 583 αἰδοίς
456 507 522 570 καί
550 498 738 588 ἀφελείας
770 494 817 591 ἦν
843 498 973 590 βωμὸς
1000 507 1077 591 περὶ
1103 498 1165 570 τόν
1192 513 1250 592 τῆς
1272 507 1339 570 Πο-

167 611 284 691 λιάδος
305 607 446 701 Ἀθηνᾶς
474 604 578 692 νεών,
606 603 699 677 καθά
727 613 785 676 καὶ
812 613 1041 688 Παυσανίας
1073 609 1210 697 ἱστορεῖ,
1240 601 1278 688 ἃς
1306 609 1340 675 οἱ

166 745 230 806 μεν
257 711 506 850 παιδαγωγοὺς,
540 716 572 782 οἱ
602 719 637 784 δὲ
664 710 813 804 τροφοὺς
840 726 898 804 τῆς
925 726 1009 795 θεᾶς
1036 717 1194 802 γενέσθαι
1224 719 1338 838 φασίν

168 825 239 894 ἔστι
262 827 299 893 δὲ
323 818 405 892 αὐτὸ
429 825 563 949 αινιγμρι
587 833 649 890 τοῦ
669 833 789 945 χρῆναι
807 816 869 889 τὸν
894 816 1176 908 διδασκόμενον”
1154 849 1175 910 η
1193 815 1236 888 τά
1254 815 1340 909 πρὸς
1367 844 1380 884 o

169 931 337 1021 φρόνησιν
360 925 552 1019 Άδηνᾶν)
531 959 544 996 ι
579 923 622 997 τά
650 923 736 1016 πρὸς
764 925 866 1008 άλλας
892 931 1024 1015 τέχνας,
1052 931 1101 995 οἱν
1123 924 1284 1017 Ἀθηνᾶ
1271 954 1340 996 επι-

170 1053 296 1121 στατεῖ,
321 1039 406 1105 αἰδοῦ
429 1062 465 1103 τε
488 1050 602 1125 τηρεῖν
626 1037 672 1116 εἰς
695 1030 774 1115 τοὺς
798 1034 1021 1158 διδασκάλους
1043 1040 1100 1103 καὶ
1123 1030 1257 1120 άφελιῆς
1280 1029 1339 1102 αό-

168 1159 239 1223 τοῑς
270 1145 526 1232 προσφέρεσθαι
557 1147 614 1210 καὶ
646 1137 851 1230 άπεριέργως
882 1139 938 1209 οἱα
953 1136 1007 1271 μὴ
1037 1140 1176 1221 εἰδότας.
1209 1135 1249 1209 τὸ
1277 1137 1340 1230 γὰρ

170 1248 234 1334 ἔξω
258 1258 321 1317 τοῦ
345 1252 482 1328 δέοντος
503 1250 681 1337 περιέργου
704 1253 871 1337 πονηρίαν
894 1274 930 1315 τε
951 1246 1016 1375 ἔχει
1035 1243 1168 1337 άπρεπῆ
1186 1252 1243 1314 καὶ
1261 1242 1341 1328 τοὺς

170 1355 393 1434 διδασκάλους
416 1363 522 1423 λυπει.
558 1349 611 1423 ότι
635 1357 671 1423 δὲ
695 1350 855 1440 άφέλειαν
878 1350 920 1422 οὐ
941 1353 1049 1441 μόνον
1073 1356 1129 1423 επὶ
1152 1348 1341 1444 ἁπλότητος
1355 1378 1381 1415 10

170 1463 203 1530 οἱ
230 1466 369 1530 παλαιοὶ
395 1462 550 1546 ἐτίθουν,
578 1455 664 1530 άλλίι
691 1466 749 1529 καὶ
772 1462 827 1530 ἐπὶ
849 1465 1027 1549 μεγαλείου
1051 1455 1142 1541 τινός
1164 1464 1221 1528 καὶ
1246 1461 1340 1528 ἐνδο-

169 1567 318 1657 ξότητος,
342 1570 382 1637 ἒν
405 1567 635 1657 ῥητορικοῖς
659 1571 849 1657 δηλοῦται
872 1571 1090 1657 λεξικοῑςῐ).

166 1721 176 1734 -.
261 1679 310 1743 19.
338 1677 512 1744 Eustath.
531 1701 560 1762 p.
582 1678 677 1752 1851,
698 1678 747 1742 13.
780 1669 979 1764 αἱμασιάῑ)
1005 1678 1041 1743 δὲ
1065 1668 1152 1742 κατὰ
1174 1669 1255 1755 τους
1277 1700 1341 1742 πα-

168 1775 285 1860 λαιοὺς
307 1785 431 1866 τειχίον
454 1781 491 1848 ἐκ
512 1785 663 1868 χαλίκων
682 1774 801 1868 ὅμοιον
820 1791 971 1869 φραγμῴ.
995 1785 1053 1848 καὶ
1071 1777 1181 1861 άλλως
1200 1783 1237 1848 δὲ
1255 1775 1340 1848 κατὰ

168 1882 250 1966 τοὺς
274 1880 406 1971 αὐτοὺς,
430 1889 467 1954 ἰκ
488 1892 638 1974 χαλίκων
661 1883 833 1977 οἰκοδομὴ,
856 1892 991 1975 τειχίον,
1018 1887 1167 1976 θριγκός.
1202 1889 1340 1968 Αίλιος
1355 1908 1381 1948 1⁵

170 1995 212 2060 δὲ
235 1991 444 2073 Διονύσιος
468 1988 574 2062 εἰποδν
593 1999 650 2082 καὶ
669 1989 779 2074 αὐτὸς,
803 1988 855 2062 ὅτι
878 1988 1013 2081 αἱμασιά
1035 1991 1076 2062 τό
1101 1989 1169 2063 άπό
1191 1999 1342 2082 χαλίκων

168 2103 306 2186 τειχίον,
325 2098 450 2186 ἐπάγει,
473 2093 514 2189 ἦν
532 2126 621 2180 τινες
639 2104 697 2168 καὶ
715 2097 872 2188 άρπεςον,
896 2095 942 2180 οἱς
961 2105 1018 2168 καὶ
1031 2097 1151 2181 Ἴωνες.
1181 2105 1278 2190 δηλοῖ
1295 2104 1341 2184 δέ,

170 2224 281 2294 φησι,
304 2215 406 2274 τοῦτο
430 2211 486 2274 καί
505 2201 690 2295 Ἡρόδοτος.

261 2318 312 2381 20.
335 2317 446 2384 Bekk.
462 2319 526 2383 An.
536 2317 612 2393 362,
627 2317 678 2383 29.
702 2311 812 2402 Αἶμον
822 2316 858 2404 ¹).
883 2308 924 2382 τό
939 2310 1019 2402 όρος
1035 2309 1229 2402 οὐδετέρως.
1248 2309 1341 2382 Ἑκα-

170 2489 378 2548 διαπλίκεσδαι
396 2493 470 2548 enim
489 2511 550 2548 eum
570 2489 604 2547 ἐκ
622 2492 827 2563 praepositione
847 2492 975 2561 coniungi
994 2494 1100 2562 nequit.
1128 2495 1180 2549 Pro
1193 2489 1341 2548 Λακώνων

170 2596 208 2636 ex
226 2582 367 2636 Herodoto
385 2577 500 2654 Λιβύων
518 2583 722 2637 restituendum
740 2585 790 2636 est.
810 2612 845 2621 -
864 2583 895 2636 B.
910 2584 944 2636 A.
957 2583 1019 2650 354,
1038 2584 1055 2636 4
1073 2583 1111 2636 In.
1131 2608 1165 2628 =
1184 2585 1245 2638 Ael.
1260 2583 1340 2638 Dion.

170 2676 201 2724 et
219 2671 300 2725 Pauo.
328 2671 430 2740 Verba,
450 2687 521 2740 quoe
540 2672 629 2726 Bekk.
648 2671 719 2725 falso
739 2670 900 2739 descripsit:
920 2666 952 2725 τὸ
972 2664 1132 2738 διάστεμμα
1146 2672 1204 2726 τῶν
1218 2675 1341 2742 πεπλεγ-

169 2756 268 2827 μένων
286 2759 398 2814 δίκτυον
417 2761 566 2815 seeundum
584 2760 713 2815 Eusteth.
733 2759 773 2813 sic
792 2759 911 2827 legenda
930 2760 1071 2814 videntur:
1099 2755 1132 2813 τὸ
1153 2756 1198 2814 διὰ
1217 2757 1341 2829 στεμμά-

170 2864 230 2902 των
249 2845 448 2918 πεπλεγμένον
468 2849 589 2903 δίκτυον.
608 2880 643 2887 -
662 2849 762 2903 Suidae
786 2849 884 2917 verbe,
909 2863 979 2916 quae
1003 2848 1081 2902 uncis
1099 2849 1214 2917 inclusi,
1238 2851 1341 2919 partim

171 2938 340 2992 eonvenIunt
358 2953 418 2992 eum
437 2939 469 2992 B.
488 2940 521 2992 A.
541 2939 559 2991 l.
579 2938 597 2991 l.
617 2939 667 2992 sub
686 2937 732 2992 fin.
753 2943 781 2991 et
800 2938 858 2992 cod.
877 2938 909 2992 B.
928 2937 1175 3005 Pseudoplutarehi
1193 2940 1223 2992 in
1241 2939 1341 2993 Peroe-

170 3027 268 3094 miogr.
292 3027 313 3079 I.
332 3043 359 3095 p.
378 3027 431 3081 339
455 3024 497 3093 (cf.
522 3026 598 3081 Orus.
617 3027 744 3082 Analeet.
768 3043 796 3095 p.
815 3028 868 3091 61).
897 3024 970 3081 Ordo
994 3025 1139 3080 verborum
1163 3027 1342 3082 vehementer

171 3116 299 3169 turbatus
318 3120 372 3184 σοις
392 3115 465 3170 unde
484 3119 576 3169 tracte
594 3114 658 3183 sint,
678 3115 814 3170 incertum
832 3121 883 3170 est.

217 3203 260 3257 18.
282 3203 302 3270 ¹)
320 3202 395 3257 Hes.
419 3199 523 3266 Αἰδοῦς
540 3198 637 3273 βωμὸς
652 3198 801 3271 Ἀθήνησιν
820 3201 851 3258 ἐν
869 3205 905 3273 τῇ
919 3198 1084 3274 Ἀκροπόλει
1102 3201 1205 3267 Αἰδοῦς
1223 3206 1271 3258 καὶ
1293 3205 1341 3258 Φι-

171 3290 233 3354 λίας
256 3291 284 3358 (1.
304 3287 454 3366 Ἀφελείας)
479 3288 534 3346 εἰσὶ
561 3293 654 3361 βωμοί
683 3287 755 3362 πρὸς
777 3295 819 3365 τῷ
843 3288 919 3365 ἱερῷ.
957 3278 1212 3348 8υ1ι1.ε.ν.αἰδιδ
1233 3297 1341 3348 tantum

172 3375 270 3442 αἰδοῦς
283 3375 383 3450 βωμὸν
397 3380 532 3449 cognovit.
548 3410 581 3419 —
600 3381 643 3436 De
658 3396 724 3436 voce
739 3376 860 3449 ἀφέλεια
878 3382 953 3451 epud
967 3388 1112 3450 grammat.
1127 3381 1198 3437 nihil
1213 3382 1341 3438 traditur.

218 3469 260 3523 19.
280 3470 302 3536 ¹)
323 3469 429 3524 Eadem
453 3469 580 3525 doctriua
602 3470 740 3539 repetitur
763 3485 807 3539 ap.
826 3471 954 3525 Eustath.
974 3487 1001 3539 p.
1021 3472 1085 3533 883,
1106 3472 1148 3525 50.
1177 3473 1249 3539 <pocot
1272 3475 1343 3541 γοῦν

173 3553 205 3610 οἱ
233 3559 387 3624 παλαιοί,
417 3545 461 3613 ότι
489 3553 609 3626 αἱμασιά
637 3554 672 3612 ἐκ
697 3559 825 3627 χαλίκων
850 3554 1041 3627 οἰκοδόμημα,
1069 3559 1187 3628 τειχίον,
1211 3555 1340 3629 θριγκός.

171 3645 269 3701 Paullo
288 3645 375 3702 fusius
393 3649 424 3701 B.
444 3650 478 3701 A.
497 3649 558 3713 356,
578 3649 602 3702 6.
623 3643 755 3715 αἱμασιά·
784 3644 818 3702 τὸ
842 3644 876 3702 ἐκ
897 3647 1023 3717 χαλίκων
1046 3642 1269 3720 ᾠκοδομημένον
1287 3664 1342 3700 τει-

170 3734 241 3804 χίον.
270 3734 375 3806 κυρίως
393 3734 424 3790 δὲ
443 3743 503 3799 τοῖς
517 3733 734 3804 η’κανθωμένοις
748 3734 862 3806 λέγεται
881 3743 1032 3807 φραγμοῖς,
1052 3726 1086 3804 ἦν
1104 3753 1180 3799 τινες
1197 3723 1342 3806 άριι[εζ]ον

172 3825 242 3892 κτλ,
263 3840 379 3892 quocum
399 3825 535 3880 consentit
550 3826 635 3888 said„
654 3827 744 3881 Schol.
758 3827 824 3881 Her.
838 3826 890 3881 vol.
904 3826 939 3880 II.
952 3842 978 3894 p.
994 3826 1055 3891 462,
1075 3825 1117 3879 12.
1138 3825 1180 3879 ed.
1200 3823 1277 3878 Stein
1296 3824 1341 3891 (of.

173 3927 215 3979 ee,
236 3929 307 3980 quae
326 3913 411 3968 Stein.
432 3932 458 3983 p.
473 3915 534 3969 476.
554 3914 715 3984 proposuit).
734 3915 779 3971 Et.
794 3916 832 3969 M.
847 3917 890 3983 35,
911 3917 945 3968 10
964 3908 1092 3980 αἱμασιά,
1111 3909 1145 3967 τὸ
1165 3908 1199 3967 ἐκ
1215 3914 1342 3982 χαλίκων

173 3997 397 4071 ᾠκοδομημένον
411 3993 500 4072 ἤγουν
515 3999 648 4073 φραγμός
665 4033 700 4042 -
720 3999 795 4057 ἐστὶ
813 4002 848 4057 δὲ
868 4004 925 4056 καὶ
944 3997 1110 4072 ῥητορικὴ
1130 3999 1231 4067 λέξις,
1252 3994 1343 4066 οὕτως

172 4084 274 4159 Ὠρίων
292 4091 337 4160 (=
356 4092 401 4146 Et.
425 4090 471 4146 Or.
491 4091 521 4157 8,
546 4093 597 4159 19).
622 4092 657 4147 ef.
677 4092 807 4161 Heyden,
830 4092 925 4161 Leipz.
941 4092 1017 4146 Stud.
1037 4090 1111 4145 VIII.
1131 4091 1196 4157 224,
1221 4090 1268 4160 qui
1292 4092 1342 4146 hes

172 4176 279 4245 glossae
301 4180 470 4244 Pausaniae,
499 4179 547 4250 qui
571 4198 633 4236 oum
656 4183 689 4235 A.
708 4179 841 4251 Dionono
863 4179 924 4234 fere
948 4179 1087 4247 congruit,
1115 4183 1192 4234 reete
1219 4179 1342 4235 tribuere

173 4265 290 4322 videtur.

218 4355 261 4410 20.
281 4357 303 4423 ¹)
321 4357 442 4416 Dubium
452 4375 489 4415 an
499 4359 640 4416 atticIstee
651 4359 827 4417 tribuendum
837 4358 881 4414 sit.
895 4358 1340 4430 BernhardyuoedDIon.Perieg.
