3000 5040
717 252 761 320 30

158 413 196 480 fr.
216 415 236 478 6
259 413 419 500 (Eustath.
441 434 472 497 p.
492 412 587 490 1854,
610 413 651 478 27
664 412 690 500 ¹)
714 405 800 478 κατὰ
818 411 938 477 Α’ίλιον
960 406 1139 479 Διονύσιον
1163 402 1339 500 άγγαροι

159 518 192 585 οἱ
211 519 248 585 ἐκ
268 520 420 606 διαδοχῆς
442 515 724 605 γραμματοφόροι.
749 517 782 584 οἱ
807 511 840 585 δ’
859 510 966 600 αὐτοὶ,
989 536 1080 607 φησι,
1102 520 1164 585 καὶ
1187 510 1339 587 άστάν-

160 628 223 692 δαι
240 629 421 711 Περοικιῦς.
453 627 587 692 τίθεται
611 626 648 692 δέ
671 644 774 709 φασιν
784 626 821 712 ²),
843 618 863 712 ι)
883 625 968 707 λέξις
990 627 1048 692 καὶ
1065 625 1120 692 ἐπὶ
1145 633 1339 715 φορτηγῶν

158 735 216 798 καὶ
238 723 325 810 ὅλως
349 732 404 799 ἐπὶ
427 724 647 820 ἀναισθήτων
669 735 726 798 καὶ
750 725 1041 818 άνδραιιοδωδῶν,
1068 724 1157 800 ὅθεν
1180 735 1244 800 καὶ
1269 727 1338 819 άγ-

158 853 414 925 γαροφορεῑν
433 832 475 905 τά
495 842 618 925 φορτία
637 839 763 925 φέρειν,
782 833 891 917 άλλως
908 862 945 905 τε
964 842 1022 906 καὶ
1040 839 1078 906 ἐκ
1097 840 1261 928 διαδοχῆς
1279 842 1338 907 καὶ

160 938 461 1032 ἀγγαρεύεσθαι·
480 939 520 1013 τὸ
536 946 582 1024 εἰς
596 949 781 1033 φορτηγὶαν
796 948 852 1012 καὶ
869 943 1029 1034 τοιαύτην
1045 939 1123 1013 τινά
1140 938 1338 1034 ὑπηρεσίαν

158 1046 309 1138 άγεοθαι.
337 1093 380 1103 -
408 1055 528 1119 Eadem
560 1055 666 1120 omnia
696 1055 781 1138 apud
809 1053 939 1120 Suidam
970 1075 993 1119 s.
1021 1075 1048 1121 u.
1076 1059 1190 1120 extant
1220 1055 1336 1139 paullo

158 1162 252 1227 aliter
274 1161 429 1227 ordinata
474 1161 620 1227 Fortasse
643 1160 721 1227 haeo
744 1162 850 1226 omnia
870 1160 1058 1227 Eustathius
1079 1182 1144 1226 una
1167 1162 1203 1226 in
1224 1161 1336 1246 glossa

159 1269 287 1334 invenit.
323 1267 434 1350 Neque
459 1273 567 1332 tamen
594 1266 855 1334 Riudfleisohium
877 1290 906 1352 p.
931 1266 982 1333 28.
1005 1288 1174 1351 sequamur
1201 1288 1335 1335 neeesse

159 1375 233 1451 erit,
262 1373 347 1458 quod
370 1375 512 1458 singulae
535 1374 656 1458 glossae
679 1395 786 1440 omues
808 1379 975 1441 recurrunt
997 1377 1158 1441 seiunctae
1180 1375 1217 1440 in
1240 1381 1334 1442 sexto

160 1480 298 1546 Bekkeri
315 1481 416 1547 lexico
435 1481 485 1566 (B.
504 1480 541 1545 A.
560 1481 635 1559 323,
654 1482 683 1548 2.
702 1504 756 1567 ορ,
775 1481 851 1560 435,
869 1480 937 1568 31),
959 1482 1044 1566 quod
1066 1481 1238 1548 maximam
1256 1503 1333 1566 pnr-

159 1593 223 1653 tem
250 1588 291 1652 ab
319 1588 469 1653 allisistis
496 1588 633 1671 pondere
660 1589 724 1653 iarn
752 1589 871 1655 dudum
897 1591 1059 1673 cognitum
1086 1595 1148 1667 est,
1180 1587 1220 1656 of.
1248 1587 1333 1656 Ναὶ).

160 1694 243 1759 Prol.
266 1717 296 1778 p.
322 1694 394 1758 134.

248 1800 393 1865 Alterum
421 1801 597 1885 exemplum
624 1801 905 1868 luculentissimum
933 1801 1061 1868 exhibet
1088 1801 1125 1866 fr.
1149 1801 1225 1869 337.
1248 1803 1332 1870 illud

160 1907 390 1990 longissimum:
427 1908 483 1972 καὶ
505 1919 612 1972 κεῖται
636 1906 672 1974 ἐν
696 1907 832 1994 ἐπιλογῇ
854 1909 979 1990 λέξεων
1002 1901 1120 1997 άρχαίᾳ
1143 1908 1256 1996 (quam
1279 1932 1332 1977 su·

160 2035 219 2098 pra
236 2013 321 2078 Aelii
338 2013 482 2097 Dionysii
505 2035 583 2098 opus
606 2036 673 2080 esse
697 2054 737 2064 -
762 2016 896 2082 fortasse
919 2018 1052 2081 alteram
1069 2017 1137 2080 eius
1155 2017 1333 2084 editionem

160 2125 291 2204 propter
314 2111 464 2205 ἐπιλογη
487 2142 593 2185 vocem
616 2160 659 2169 -
682 2122 816 2188 vidimus
838 2145 868 2206 p.
893 2122 958 2210 19.)
986 2113 1039 2188 δτι
1062 2112 1083 2186 ά
1106 2112 1127 2186 ά
1156 2123 1333 2190 δασυνθὲν

160 2225 290 2310 γέλωτα
311 2227 408 2312 δηλοῖ
424 2265 465 2274 --
485 2217 524 2292 τὸ
549 2218 622 2314 άρῦ
643 2267 682 2275 -
706 2220 746 2294 τὸ
770 2221 799 2292 άδ
823 2222 875 2313 dra
895 2269 936 2277 -
959 2219 999 2294 τδ
1023 2220 1052 2293 άδ
1076 2221 1127 2294 δτι
1150 2266 1192 2278 -
1216 2237 1268 2314 μᾶ
1288 2269 1331 2280 -

161 2325 212 2416 ord
237 2373 279 2382 -
302 2337 348 2419 βῆ
372 2371 413 2381 -
441 2327 558 2419 χύρρε
583 2373 624 2382 -
651 2325 692 2399 τὸ
719 2336 840 2418 oltra
868 2374 911 2383 -
938 2327 978 2400 τδ
1007 2336 1128 2416 οἱττε,
1156 2356 1238 2418 quae
1265 2358 1331 2404 non

162 2443 329 2507 coniuncta
356 2442 413 2506 sed
439 2441 564 2524 singula
585 2442 671 2524 apud
695 2424 815 2507 eeteros
841 2442 1079 2526 lexicographos
1103 2448 1210 2508 extare
1235 2450 1331 2511 notae

163 2548 328 2613 docebunt.
343 2547 380 2613 of.
395 2546 432 2613 fr.
447 2547 500 2613 92.
515 2586 558 2597 -
577 2548 685 2614 Simile
704 2549 781 2632 quid
799 2549 914 2615 accidit
932 2550 965 2613 in
984 2548 1161 2633 fragmento
1180 2572 1230 2617 no.
1253 2552 1327 2618 187.

163 2675 224 2737 quo
243 2654 351 2720 Aelius
368 2654 461 2721 Dion.
479 2656 518 2720 de
537 2655 704 2720 zetaoismo
723 2657 821 2721 attioo
840 2656 912 2740 egit.
929 2655 1073 2722 -Idem
1091 2654 1129 2720 fit
1147 2657 1181 2722 in
1198 2656 1239 2722 fr.
1256 2658 1329 2725 116.

162 2761 216 2825 ubi
244 2761 431 2826 Eustathius
460 2757 609 2842 δάπιδες,
637 2758 787 2842 τάπιδες,
820 2758 963 2849 δάιιητες
990 2762 1031 2827 ab
1058 2763 1149 2829 Aelio
1176 2763 1330 2849 Dionysio

163 2868 280 2932 diserte
301 2869 448 2933 laudatas
471 2890 539 2934 esse
557 2869 658 2934 tradit
680 2868 732 2955 (of.
751 2868 788 2933 fr.
808 2870 897 2954 304.)
921 2907 962 2916 -
987 2868 1050 2935 Sed
1071 2875 1109 2935 ut
1131 2875 1238 2935 cetera
1255 2872 1331 2937 mit·

162 2980 265 3038 tamus
288 2975 447 3059 (exempla
472 2975 566 3058 plura
592 2976 694 3060 quivis
721 2975 812 3041 facile
839 2974 1006 3063 inveniet),
1038 2977 1080 3041 ad
1107 2978 1330 3060 argumentum

162 3081 402 3158 validissimum,
434 3083 518 3165 quod
550 3083 600 3146 vel
632 3082 770 3146 Thomae
802 3082 850 3146 illi
881 3083 1085 3166 persuadebit
1117 3084 1330 3151 atticistarum

163 3207 260 3270 opera
283 3189 328 3252 ita
351 3187 391 3252 ab
414 3187 583 3253 Eustathio
607 3194 758 3271 usurpata
781 3210 861 3265 esse,
888 3195 938 3267 ut,
965 3211 1046 3273 quae
1068 3190 1109 3256 ad
1132 3192 1331 3274 propositum

163 3294 442 3360 demonstrandum
462 3300 538 3378 apta
561 3299 673 3372 essent,
695 3295 902 3380 undecunque
925 3317 964 3360 ex
987 3298 1032 3362 eis
1056 3297 1228 3380 colligeret,
1250 3299 1329 3364 mihi

253 3491 273 3557 ¹)
297 3490 363 3548 Inde
392 3506 410 3544 a
432 3507 459 3559 p.
478 3491 560 3555 1853,
585 3490 619 3544 62
641 3489 740 3560 incipit
763 3490 838 3546 locus
862 3491 911 3546 ille
934 3492 1132 3561 memorabilis,
1157 3508 1210 3561 quo
1233 3493 1328 3563 plures

163 3579 277 3633 voculae
297 3577 425 3633 ethnicae
444 3580 480 3633 ad
495 3583 588 3648 χοῖνιξ
606 3580 724 3648 glossam
737 3596 772 3634 ex
784 3583 913 3634 παλαιῶν
926 3581 1050 3636 doctrina
1062 3582 1178 3650 petitam
1192 3581 1238 3651 (of.
1252 3583 1327 3638 Suid.

163 3670 199 3738 gl.
219 3671 253 3736 1.,
272 3669 337 3722 Hes.
357 3669 446 3723 Schol.
466 3670 512 3722 Ar.
531 3668 603 3722 Plut.
622 3670 684 3734 276)
703 3670 902 3738 adiunguntur,
927 3676 957 3724 nt
975 3661 1062 3742 ἅβρα,
1082 3666 1243 3741 ἀβυρτάκη,
1262 3675 1328 3743 βον-

163 3753 220 3821 νδς,
239 3751 372 3826 μανδύας,
392 3752 530 3828 άρράβαξ,
551 3773 621 3826 quae
640 3757 771 3812 atticistis
785 3759 928 3827 debentur,
949 3755 1039 3830 μορτὴ
1053 3759 1087 3814 of.
1101 3759 1133 3814 fr.
1148 3760 1210 3822 410,
1230 3763 1329 3816 ettres

163 3847 250 3912 aliae,
273 3862 387 3915 quarum
411 3847 486 3916 origo
509 3847 630 3901 nondum
653 3851 774 3902 constat:
807 3850 831 3902 1.
854 3839 991 3918 άγγατος·
1015 3844 1048 3903 τὸ
1074 3845 1113 3912 εἰς
1135 3845 1328 3920 ἀναδενδράδα

164 3931 249 3999 ξύλον
272 3935 317 4004 (of.
342 3937 427 4001 Hes).
464 3937 489 3991 2.
513 3928 615 4007 άγγος·
640 3928 855 4007 εἶδοςδδρατος
884 3940 1046 4008 φραγγικοῦ
1073 3938 1215 4006 (sequioris
1242 3940 1329 4009 igitur

164 4023 283 4091 aetatis).
320 4027 344 4080 3.
364 4022 579 4095 άπεοχοίνιοται
598 4025 642 4093 (of,
662 4025 727 4080 Hes.
745 4043 766 4080 s.
780 4043 803 4079 v.
823 4021 1044 4095 άπεσχοίνιοται,
1064 4022 1328 4097 άποσχοινίζεσθαι,

163 4112 195 4165 B.
214 4113 247 4166 A.
266 4113 327 4181 422,
346 4115 388 4168 31.
406 4115 468 4177 437,
487 4117 512 4168 2.
531 4114 605 4169 Suid.
625 4109 835 4183 ἄπεσχοίνιοεν,
855 4109 1128 4185 άτιοσχοινίσαντες).

254 4200 275 4270 ²)
294 4202 366 4256 Cave
385 4219 445 4256 cnm
464 4202 566 4258 Rindfi.
586 4205 603 4257 l.
623 4204 640 4257 l.
661 4219 748 4272 φησιν
770 4203 917 4257 Eustathio
940 4204 1102 4259 obtruseris:
1130 4205 1199 4259 talia
1222 4205 1328 4275 saepis·

165 4289 233 4343 sime
252 4305 296 4358 ap.
316 4289 475 4359 episcopum
493 4291 621 4345 accidere
640 4291 771 4345 videmus.
809 4291 962 4346 Lenissima
979 4294 1157 4349 anacoluthia
1179 4295 1215 4349 ab
1234 4293 1328 4350 attici-

165 4381 268 4433 starum
287 4378 442 4433 nominibus
460 4380 496 4433 ad
515 4374 550 4432 τὰ
569 4375 705 4451 ῥητορικὰ
723 4374 822 4444 λεξικά
841 4380 959 4436 transire
979 4382 1057 4437 solet.
1091 4448 1095 4458 ι
