3000 5040
666 230 728 293 122

107 390 203 456 οἴνου
236 383 329 478 ᾄδειν
362 387 506 474 ἐφεῦρον
537 391 593 454 καὶ
622 380 702 467 τούς
729 383 860 453 ἑαυτῶν
887 382 1043 474 κωμήτας
1069 392 1281 474 κακολογεῖν,

107 489 193 564 ὅθεν
215 497 272 561 καὶ
295 493 417 582 ἐρρέθη
435 487 476 561 τὸ
495 496 682 581 κωμῳδεῖν,
706 487 763 562 ὅτε
786 495 843 560 καὶ
860 484 923 581 τὴν
941 494 1194 583 λυμαινομένην
1210 507 1282 573 ταῖς

107 596 267 688 ἀμπέλοις
290 596 380 687 αίγά,
408 619 542 688 φησιν,
570 590 682 669 άθλον
704 608 763 688 τῆς
785 592 874 688 ηἰέῆς
900 599 1103 687 προέθεντο.
1136 593 1219 680 τούς
1246 602 1280 669 δέ

107 702 378 795 ἀγωνισαμένους
400 700 594 794 τραγῳδοὺς
617 704 780 774 ἐκάλεσαν
803 698 858 773 διά
880 697 943 794 τὴν
966 704 1023 772 ἐπὶ
1044 702 1160 794 τράγῳ
1184 709 1279 796 θηλυ-

80 835 93 874 ⁵
107 813 182 882 νότι
196 822 246 902 τῷ
261 806 367 899 άσκῷ,
381 817 438 880 καί
452 802 494 901 ἦν
507 822 610 880 τοῦτο
625 806 891 895 ἀσκωλιάζειν
901 811 941 900 ¹)·
964 803 1045 891 τοὺς
1059 812 1097 880 δέ
1110 805 1279 902 ὑστέρους,

106 924 202 1010 φησὶ,
229 921 411 1007 κριθέντας
434 914 551 1010 [ἤγουν
574 912 654 999 τούς
675 913 896 1008 ἡττηθέντας]
925 915 1041 1005 ἕτερον
1064 914 1135 986 ἔθει
1155 915 1279 1007 τράγον

106 1027 163 1095 ἐπὶ
193 1021 256 1115 τὴν
287 1027 463 1115 εἰρημένην
498 1029 613 1113 χρείαν
645 1025 791 1113 ἐκδεῖραι
822 1027 880 1092 καὶ
910 1017 973 1094 τὸν
1005 1016 1153 1114 χορηγὸν
1180 1015 1279 1105 αὖθις

105 1140 315 1220 μισθοῦσθαι
345 1125 425 1211 τούς
453 1131 697 1218 ἐναλλομένους
722 1140 773 1219 τῷ
800 1124 910 1218 άσκῷ,
940 1123 1020 1210 τούς
1048 1131 1085 1198 δὲ
1111 1138 1279 1210 νικῶντας

105 1241 222 1329 μηκέτι
245 1248 347 1307 τοῦτο
370 1235 533 1325 πράττειν
562 1232 682 1326 [ἤγουν
708 1230 753 1325 μὴ
777 1230 1026 1324 άναγκάζεσθαι
1049 1237 1097 1316 εἰς
1118 1229 1161 1305 τά
1184 1234 1278 1306 ἐνάλ-

67 1367 93 1407 10
106 1351 251 1432 λεσθαι],
275 1338 358 1412 άλλά
381 1339 565 1432 ἡσυχάζειν.

196 1455 247 1532 81.
270 1452 548 1537 Eustath.p.84‚
560 1452 610 1517 17.
632 1452 862 1530 Παυσανίας
876 1450 913 1517 δέ
926 1447 1277 1529 καὶΑίλιοςΔιονά-

107 1577 191 1638 σιος
214 1557 256 1625 ἐν
277 1569 362 1637 τοῖς
385 1558 552 1638 οἰκείοις
571 1563 743 1640 λεξικυῑς
762 1574 876 1640 φασιν,
895 1547 950 1624 <iu
968 1558 1231 1646 Μεγακλείδης(
1270 1609 1276 1621 .

106 1667 204 1752 Μετ.)
228 1665 338 1732 αἰτίαν
361 1667 443 1754 φησὶ
464 1672 528 1731 τοῦ
549 1656 594 1753 μὴ
617 1664 775 1750 λέγεσθαι
791 1655 1001 1752 Ἀθηναίας
1022 1655 1084 1742 τάς
1104 1655 1278 1743 Ἀττικάς

105 1785 278 1857 γυναῖκας,
310 1770 365 1838 ίνα
391 1764 436 1860 μὴ
462 1763 526 1858 τὴν
553 1765 683 1857 άγαμον
711 1767 746 1836 αἱ
772 1765 977 1856 γαμούμεναι
1002 1777 1045 1854 τῇ
1071 1773 1278 1861 προσηγορίᾳ

67 1898 93 1938 15
106 1874 372 1963 καταισχύνουσιν
382 1880 417 1963 ¹).
442 1868 499 1944 ὅτε
515 1877 552 1944 δὲ
565 1870 710 1964 ἤρξαντο
727 1873 761 1942 αἰ
776 1868 885 1958 άσταί,
902 1869 978 1964 ἢτοι
995 1867 1149 1958 Ἀττικαί,
1166 1888 1277 1963 γοναί

106 2007 162 2061 κες
174 1977 346 2071 Ἀθηναῖοι
363 1983 530 2069 λέγεσθαι,
552 1979 631 2050 τότε
651 1974 691 2069 δὴ
711 1978 882 2070 ἐπενοήθη
900 1983 958 2048 καὶ
975 1973 1038 2069 την
1055 1974 1144 2050 θεὸν
1161 1984 1277 2072 μηκέτι

103 2083 279 2177 Ἀθηναίην
293 2094 470 2156 καλεῖσθαι
485 2081 570 2156 άλλά
584 2079 670 2155 κατὰ
685 2090 885 2175 συναίρεσιν.
910 2085 1020 2176 ίτεροι
1029 2089 1057 2176 ²)
1077 2087 1114 2155 δέ
1128 2094 1203 2158 τῶν
1216 2113 1276 2158 πα·

106 2202 212 2264 λαιῶν
235 2213 318 2279 φασι
339 2197 425 2285 κτλ.)

195 2304 264 2384 Quo
288 2325 359 2370 eum
381 2304 450 2370 loeo
478 2303 665 2388 coniungas:
696 2326 727 2388 p.
749 2303 848 2381 1456,
866 2303 920 2369 44.
953 2302 1135 2390 σημείωσαι
1162 2294 1211 2381 ὡς
1236 2294 1278 2369 οά

64 2429 91 2470 so
105 2407 209 2496 μόνος
225 2401 364 2498 (Όμηρος
381 2402 561 2496 Ἀθηναίαν
584 2409 671 2496 λέγει
691 2401 754 2496 τὴν
771 2401 916 2496 Ἀθηνᾶν
935 2399 1020 2474 άλλά
1038 2409 1187 2476 καὶτῶν
1203 2401 1277 2495 μετ’

104 2509 209 2583 αὐτὸν
231 2513 427 2602 πεζολόγων
448 2518 572 2583 πολλοὶ
590 2510 741 2598 Ἀττικοὶ,
764 2509 811 2594 ὡς
828 2514 1043 2604 Λημοσθένης
1066 2512 1104 2581 ἐν
1126 2521 1178 2602 τῷ
1200 2508 1278 2583 κατ’

148 2839 184 2894 80
190 2853 214 2892 u.
236 2838 255 2904 ¹)
273 2837 399 2893 Nondum
413 2837 503 2892 simile
516 2836 583 2906 quid
594 2835 729 2906 indagare
741 2834 827 2905 potui.
851 2837 894 2892 Ae
906 2834 1025 2905 priunum
1045 2835 1159 2906 quidem
1177 2836 1215 2893 de
1231 2853 1275 2894 se·

104 2925 234 2982 coliesmo
253 2925 388 2994 cogitanti
405 2925 500 2981 stetIm
519 2923 639 2994 suspicio
657 2924 726 2980 eniti
749 2923 857 2994 debuit,
880 2940 917 2980 ne
939 2924 1121 2980 vehementer
1144 2941 1276 2996 errarem,

104 3031 164 3071 cum
187 3029 283 3069 omnes
305 3013 414 3081 glossae
438 3012 473 3069 cf.
492 3029 516 3068 e.
536 3031 561 3082 g.
579 3014 625 3068 Et.
645 3013 683 3069 M.
703 3013 764 3083 155,
782 3014 825 3070 35.
845 3011 891 3082 (cf.
909 3013 1030 3080 herene,
1048 3012 1149 3084 Epieh.
1167 3031 1195 3084 p.
1214 3014 1277 3083 249)

102 3104 134 3157 Β.
152 3104 186 3157 A.
205 3102 272 3168 452,
292 3103 334 3156 18.
353 3101 419 3156 Hes.
438 3101 513 3157 Suid.
532 3100 622 3156 Schol.
641 3103 690 3156 Ar.
708 3101 781 3157 Plut.
801 3101 878 3157 1129.
898 3100 970 3157 Plet.
990 3101 1073 3158 Gens.
1093 3101 1185 3158 1991).
1208 3102 1276 3158 Lue.

103 3191 149 3245 IV.
174 3207 200 3259 p.
221 3189 281 3245 146.
304 3190 400 3245 Jacob.
424 3189 459 3245 el.
478 3188 548 3244 Mill.
567 3189 632 3245 Mel.
657 3207 685 3260 p.
704 3191 764 3246 436.
787 3190 865 3245 Eust.
886 3190 969 3258 1646,
988 3191 1032 3247 26.
1055 3189 1124 3246 Poll.
1145 3190 1194 3246 IX.
1215 3191 1275 3246 121.

103 3279 213 3333 omuino
232 3294 294 3333 eum
311 3277 413 3333 nostris
432 3278 601 3347 discrepent,
625 3277 660 3334 ef.
680 3279 764 3335 Oohn.
781 3279 897 3336 Iehrbb.
917 3279 980 3335 XII.
999 3281 1061 3336 366.

146 3368 190 3422 61.
211 3368 230 3434 ¹)
249 3367 321 3436 Quos
334 3366 407 3422 locos
420 3367 624 3436 coniungentes
637 3383 697 3423 esse
716 3367 780 3422 inde
794 3372 921 3438 appetet,
942 3367 1014 3437 quud
1033 3367 1132 3423 eedem
1149 3366 1278 3431 noenius

102 3455 202 3510 iisdem
225 3454 283 3510 fere
308 3456 400 3511 verbis
418 3456 493 3525 apud
511 3455 586 3512 Suid.
606 3471 628 3511 s.
647 3473 672 3511 v.
688 3450 835 3525 Ἀθηναίας
852 3455 980 3511 recurrit.
996 3485 1029 3496 —
1048 3455 1145 3512 Verba
1161 3455 1215 3512 ille
1226 3444 1277 3512 άτε

103 3543 133 3599 δὲ
152 3537 276 3616 ἤρξαντο
295 3548 353 3599 κτλ.
372 3544 473 3602 Riudfl.
492 3561 519 3614 p.
538 3546 573 3600 32
596 3544 730 3600 αίίίυἱείίσ
752 3544 908 3613 abiudieu13
936 3543 966 3598 iu
989 3545 1159 3600 contrarium
1182 3547 1277 3601 eutem

102 3633 298 3704 disputandum
316 3639 366 3689 est.
395 3636 493 3704 Neque
512 3632 586 3689 euim
605 3639 664 3689 tum
682 3633 783 3689 Suidee
801 3634 878 3688 loeus
896 3635 987 3702 (quen
1005 3632 1108 3702 Bergk.
1127 3633 1206 3689 Peet.
1224 3633 1275 3706 lyr.

102 3723 136 3778 1⁴.
156 3723 209 3780 872
232 3740 267 3779 ex
291 3723 476 3779 eutiettieIstu
496 3722 615 3792 quodum
633 3721 760 3777 derivare
779 3722 882 3786 studet)
904 3720 1032 3792 intellegi
1053 3721 1151 3790 possit.
1188 3722 1275 3794 Quem

103 3829 165 3868 eum
186 3813 211 3880 1)
230 3813 341 3884 saepius
359 3813 525 3868 verbotenus
549 3829 612 3868 eum
630 3809 762 3867 allisistis
781 3810 942 3877 convenite,
965 3810 993 3882 2)
1011 3811 1049 3866 ud
1067 3809 1188 3869 eundern
1204 3811 1276 3868 Phe·

101 3902 218 3957 recretis
232 3903 322 3958 locum
337 3917 488 3972 provocare
503 3900 608 3970 videas,
626 3899 766 3956 affirmare
779 3915 835 3956 non
853 3899 958 3969 dubito,
977 3899 1090 3956 Suidem
1107 3900 1199 3971 primo
1216 3901 1277 3958 lete

102 3989 286 4046 atticisturum
309 3990 412 4047 serinia
435 3989 583 4061 expilasse.
603 3989 638 4045 ef.
652 3989 723 4045 Prol.
741 4006 768 4059 ρ.
787 3989 830 4045 59.
859 3987 984 4045 Alterius
1008 3989 1164 4046 sententies
1187 3985 1276 4060 (ἰίθη

103 4079 184 4132 ναίαν
201 4104 236 4124 =
256 4080 344 4136 civem
362 4079 495 4149 Atticum)
518 4079 622 4135 fontem
641 4079 728 4135 hebes
747 4081 794 4135 Ar.
814 4079 879 4151 Byr.
898 4078 933 4135 fr.
951 4080 1013 4134 Pur.
1032 4082 1047 4144 6
1066 4079 1090 4134 1.
1110 4077 1145 4136 ei.
1164 4079 1273 4137 Neuek

102 4184 128 4236 p.
149 4168 191 4223 79.
210 4170 271 4224 213.
290 4169 324 4224 cf.
344 4169 417 4224 Prol.
435 4171 453 4224 l.
473 4171 492 4224 l.

192 4256 212 4323 ¹)
231 4249 326 4327 έτεροι
344 4260 403 4311 τῶν
420 4260 550 4312 παλαιῶν
568 4283 603 4304 =
622 4259 715 4327 Steph.
730 4257 805 4327 Byn,
817 4261 849 4311 ut
863 4257 946 4325 Oohn,
962 4255 1079 4312 Jahrbb.
1094 4255 1157 4311 XII.
1169 4271 1198 4326 p.
1211 4256 1274 4323 294,

101 4344 236 4414 probavit.
