3000 5040
656 257 719 326 937

99 410 189 487 ἀλλὰ
211 419 363 505 πολέμῳ,
386 417 639 506 Κιλλικόριοι
662 420 699 486 δὲ
722 419 759 486 ἒν
782 416 910 508 Κρήτη,
933 421 1209 507 Μαριανδυνοὶ
1231 420 1266 488 δὲ

99 527 142 594 ἒν
159 521 365 616 Ἡρακλείᾳ
388 535 433 611 τῇ
456 530 632 612 Ποντικῇ
656 530 713 592 καὶ
735 519 946 613 crispinae
975 529 1011 593 δὲ
1035 527 1071 594 ἐν
1093 525 1267 615 Συρακού-

98 652 182 712 σαις.
207 633 320 700 ἰστέον
344 634 380 700 δὲ
403 625 456 700 ότι
480 633 517 700 ἓν
539 631 739 722 ῥητορικῷ
762 639 905 720 λεξικῴ
929 634 1079 721 φέρεται,
1108 628 1154 713 ὡς
1177 633 1268 702 ἔστιν

98 738 190 820 εἶδος
203 749 313 826 μυιῶν
327 742 492 828 (1.μυοῦν),
512 742 547 806 αἳ
565 742 719 827 λέγονται
734 739 900 828 ἕλειοιῑ).
924 734 965 808 οὗ
981 743 1141 828 όιαρθροῐ
1158 743 1193 808 δὲ
1212 745 1268 808 καὶ

97 851 204 916 ποίου
227 846 324 926 ἕλους
343 837 449 914 αὗται.
474 849 554 926 ίσαις
573 850 608 914 δὲ
628 851 685 914 καὶ
703 842 820 927 ἁπλοῦς
838 841 929 915 οὕτω
948 854 1045 915 καλεῖ
1060 842 1120 928 τὰς
1138 848 1175 916 ἐν
1198 864 1269 928 τοῖς
1295 874 1307 912 ⁵

99 953 220 1024 ἕλεσιν.

191 1064 265 1130 376,
297 1064 469 1128 Eusteth.
488 1086 516 1148 p.
540 1064 639 1140 1036,
660 1065 709 1128 14.
743 1062 855 1130 ἰστέον
884 1064 919 1129 δὲ
947 1056 1000 1130 ότι
1026 1088 1063 1130 τε
1091 1063 1132 1130 ἐν
1155 1061 1268 1152 ῥητο-

99 1177 201 1256 ρικῷ
239 1161 397 1257 εὕρηται
430 1175 571 1255 λεξικῴ
608 1162 648 1236 τό
682 1170 823 1237 εἰσωποὶ
860 1162 951 1236 οότον
989 1168 1267 1258 ἑρμηνευόμενον·

100 1277 320 1364 εἰσωποὶἿ
345 1277 424 1343 riom
448 1277 591 1358 ἰδέσθαι,
615 1277 660 1355 είς
684 1267 771 1359 οόπα,
795 1275 954 1359 ἐνώπιον,
977 1277 1014 1344 ἒν
1038 1272 1236 1363 ὀφθαλμοῖς.

193 1385 265 1450 377.
298 1385 472 1475 Eesteth.
491 1408 521 1469 p.
543 1386 637 1462 1573,
655 1386 707 1452 43.
741 1377 794 1451 ότι
818 1386 853 1452 δὲ
876 1378 938 1472 τὴν
962 1384 1053 1473 εἵλην
1076 1384 1109 1451 οἱ
1130 1389 1269 1452 παλαιοὶ
1284 1409 1309 1448 ιο

100 1492 161 1556 καί
183 1487 274 1578 ίλην
297 1494 411 1574 φασὶν,
436 1490 472 1557 ἐν
495 1488 725 1579 ῥητορικοῖς
749 1493 907 1580 δηλοῦται
926 1498 1074 1574 λεξικοῖς.
1100 1489 1185 1560 ἔνθα
1203 1506 1269 1558 κεῖ-

99 1622 158 1664 ται
180 1601 236 1664 καὶ
261 1589 314 1665 ότι
337 1597 420 1686 εῗλη
443 1601 499 1664 καὶ
523 1597 624 1687 ἕληῑ)
652 1592 672 1686 ἡ
696 1607 758 1665 τοῦ
780 1595 878 1687 ἡλίου
902 1592 993 1687 αόγὴ.
1036 1602 1092 1666 καὶ
1116 1598 1268 1688 εἱληθε-

100 1707 225 1794 ρεῖνῖ)
248 1698 288 1772 τό
312 1699 507 1793 ἡλιάζεσθαι
530 1709 588 1772 καὶ
611 1705 733 1773 εἱλεῖν
743 1709 769 1794 ³)
792 1700 832 1773 τό
857 1706 894 1773 ἐν
916 1703 1000 1795 ἡλίῳ
1024 1709 1190 1795 ξηραίνειν
1213 1710 1270 1774 καὶ

101 1807 298 1900 sociosve)
320 1808 446 1899 χοιρίον
469 1805 507 1880 τό
533 1805 667 1901 εόήλιον
690 1817 747 1880 καὶ
770 1811 1023 1902 πρόσειλον5)
1046 1807 1085 1881 τό
1108 1806 1193 1902 πρὸς
1215 1839 1269 1900 με·

101 1923 266 2008 σημβρίαν
288 1920 515 2008 τετραμμένον
538 1923 596 1987 καὶ
619 1920 860 2010 εἱληθερὲςῖ)
890 1914 981 2010 ὕδωρ
1008 1914 1048 1988 τὸ
1077 1914 1144 1988 ὑπὸ
1171 1916 1269 2010 ἡλίου
1284 1943 1309 1984 ιε

100 2029 385 2115 τεθερμασμένον.

193 2136 267 2202 378.
301 2136 473 2202 Eusteth.
492 2159 513 2221 p
535 2135 633 2215 1353,
651 2137 681 2204 4.
714 2129 886 2203 ἀνάκειται
911 2136 946 2203 δὲ
971 2129 1063 2222 αὐτῷ
1087 2137 1143 2222 (sc.
1159 2130 1270 2225 Ἐρμῇ)

101 2244 161 2308 καὶ
184 2236 231 2321 ὡς
255 2244 328 2328 δίχα
351 2239 471 2328 ψόγου,
495 2245 586 2326 φασὶ,
609 2240 824 2330 τετραγώνου
842 2238 863 2331 ἡ
882 2236 999 2329 τετρὰς
1019 2237 1123 2310 ἄλλον
1141 2240 1271 2331 τρόπον

100 2344 189 2437 ἢπερ
204 2356 254 2436 τῷ
264 2343 424 2436 Ἡρακλεῖ,
443 2348 479 2431 ἐξ
492 2339 534 2416 οὗ
548 2353 711 2437 παροιμία
725 2344 766 2418 τὸ
784 2351 852 2434 ,ἐν
869 2347 1029 2436 τετράδι
1047 2351 1271 2439 γέγοναςίίῑ)

102 2529 183 2598 Χῖοιὴ
197 2528 226 2583 δὲ
239 2532 348 2599 πρῶτοι
362 2525 520 2600 ἐχρήσαντο
533 2525 721 2600 θεράπουσιν,
742 2522 780 2592 ὡς
791 2523 1012 2596 Λακεδαιμόνιοι
1024 2536 1086 2593 κοῖς
1100 2525 1210 2584 Εἵλωσι
1223 2548 1262 2584 κα

102 2615 222 2690 Ἀργεῖοι
236 2625 295 2682 τοῖς
306 2620 477 2688 Γνμνησίοις
491 2620 540 2673 καί
550 2613 739 2673 Σικυώνιοι
753 2625 825 2682 τοῖς
836 2619 864 2671 K
868 2613 1100 2689 ορυνηφόροις
1113 2619 1158 2687 (cf.
1169 2620 1271 2675 Herod.

101 2708 125 2762 I.
144 2707 188 2764 59.
208 2707 283 2762 Suid.
303 2724 324 2762 e.
344 2711 379 2776 v.)
403 2711 452 2762 καί
474 2704 626 2762 Ἰταλιῶται
649 2713 708 2771 τοῖς
733 2708 893 2777 Πελασγοῖς
915 2709 963 2761 καί
989 2708 1099 2778 Κρῆτες
1119 2704 1271 2772 Μνωίταις.

193 2795 216 2867 ⁸)
235 2795 275 2852 CI.
295 2798 361 2853 Hes.
381 2793 497 2862 ἰλειοός.
527 2800 574 2853 Ar.
595 2797 666 2852 Hist.
685 2797 777 2851 Anim.
796 2797 872 2852 VIII.
892 2797 933 2852 17.

149 2887 212 2942 376.
234 2888 253 2952 1)
273 2886 313 2942 cf.
332 2888 408 2942 Suid.
428 2888 493 2942 Hes.

149 2977 210 3032 377.
230 2976 423 3032 Pausaniae
442 2993 503 3032 esse
522 2983 596 3046 puto,
616 2975 651 3031 cf.
671 2976 741 3030 Prol.
761 2993 787 3045 p.
807 2976 850 3030 24.

194 3067 216 3132 ¹)
234 3066 354 3134 Eadem,
378 3066 499 3121 auctoris
522 3066 632 3121 nomine
651 3065 751 3120 omisso
769 3082 796 3134 p.
816 3066 880 3130 700,
900 3065 942 3120 17.
962 3064 1003 3122 ef.
1021 3065 1066 3120 Ec.
1086 3063 1125 3120 M.
1143 3063 1210 3131 298,
1229 3065 1271 3122 53.

105 3155 171 3221 449,
190 3155 234 3211 95.
267 3156 362 3210 Etiam
385 3172 479 3210 vocem
503 3150 675 3210 θειλόπεδον
697 3155 741 3221 (cf.
765 3155 841 3219 Hes.)
865 3170 900 3208 ex
924 3154 1020 3208 eodem
1042 3153 1133 3209 lexico
1156 3153 1272 3225 petitam

105 3260 168 3300 esse
180 3251 255 3314 puto.
275 3245 314 3300 cf.
328 3246 373 3301 Et.
385 3245 454 3300 Gud.
465 3246 525 3311 956,
539 3247 581 3300 38.
596 3246 657 3311 135,
671 3246 713 3300 53.
730 3245 790 3310 166,
805 3246 830 3299 8.
846 3245 888 3300 59.
903 3245 965 3307 379,
979 3245 1022 3299 43.
1038 3243 1127 3299 Schol.
1139 3244 1271 3314 Hippocr.

105 3349 150 3404 ep.
170 3334 247 3389 Erot.
267 3351 294 3404 p.
313 3336 355 3389 22.
375 3334 466 3389 Klein.
486 3334 561 3389 Suid.
580 3335 645 3390 Hes.
666 3351 686 3389 s.
707 3352 731 3388 v.
751 3328 820 3402 εἷ’λη.
841 3334 911 3388 Tim.
931 3335 985 3389 lex.
999 3333 1070 3390 Plet.
1084 3329 1273 3390 ¹Pseudo-Did.

105 3438 150 3493 ep.
170 3423 241 3478 Mill.
259 3424 325 3479 Mel.
344 3441 371 3493 p.
390 3426 451 3479 401.

197 3513 217 3584 ²)
236 3512 277 3568 Cf.
296 3513 430 3584 Hesychii
449 3518 581 3583 quattuor
598 3513 711 3582 glossas.
735 3513 780 3568 Et.
799 3513 838 3570 M.
857 3515 918 3580 389,
937 3514 981 3570 49.
1001 3513 1046 3568 Or.
1065 3531 1092 3582 p.
1111 3515 1154 3580 66,
1175 3513 1198 3567 7.
1219 3511 1272 3566 Ge·

106 3603 161 3658 len.
180 3601 234 3658 lex.
255 3604 307 3658 vol.
326 3603 404 3658 XIX.
424 3620 451 3672 p.
471 3605 513 3658 97.
532 3603 640 3658 Kuehn.
660 3603 760 3672 Ilberg.
780 3602 809 3657 in
829 3603 930 3659 comm.
949 3602 1083 3658 Ribbeck.
1102 3619 1129 3670 p.
1148 3602 1210 3656 352.

194 3691 217 3760 ⁸)
235 3692 407 3761 significatio
432 3692 506 3747 vocis
529 3709 547 3747 a
570 3692 623 3747 lex.
643 3695 713 3748 rhet.
734 3691 821 3748 allata
843 3707 898 3747 non
920 3691 1050 3747 recurrit:
1078 3689 1197 3746 fortasse
1215 3687 1270 3744 fuit

108 3781 206 3838 cedem
224 3789 309 3851 etque
327 3782 408 3836 infr.
429 3782 488 3838 155.
507 3787 563 3837 not.
582 3783 607 3836 4.

195 3874 217 3940 ⁴)
237 3872 319 3928 Oonv.
344 3873 423 3926 Phot.
446 3872 588 3941 Aristoph.
612 3871 646 3926 fr.
672 3873 731 3928 780.
755 3872 842 3926 Kock.
866 3870 941 3926 Suid.
965 3870 1009 3924 Et.
1033 3871 1071 3925 M.
1095 3870 1160 3938 390,
1179 3870 1223 3924 31.
1247 3873 1274 3936 (e

109 3961 164 4016 lex.
182 3961 272 4031 thee).
292 3962 358 4017 Hes.
375 3977 395 4016 s.
411 3978 435 4015 v.
451 3955 564 4029 εἰλήιον,
586 3954 693 4016 εόελον.
723 3963 767 4016 Ad
782 3961 898 4015 eandem
913 3958 1047 4028 originem
1061 3958 1220 4014 reducenda
1233 3957 1275 4012 vi-

107 4052 189 4105 detur
207 4051 341 4121 Hesychii
361 4050 451 4119 glossa
470 4043 552 4104 ἄειλα
571 4052 667 4105 πεδία·
696 4045 805 4118 οἰνήλια.
835 4043 893 4118 είλη
912 4044 969 4119 γὰρ
987 4041 1004 4116 ἡ
1023 4051 1074 4102 τοῦ
1093 4040 1173 4117 ἡλίου
1193 4042 1274 4118 αὐγή.

108 4139 148 4195 cf.
168 4141 199 4194 B.
219 4143 252 4195 A.
271 4141 332 4205 347,
352 4141 395 4195 39.
414 4139 542 4210 Aeschyl.
561 4139 595 4195 fr.
614 4141 675 4195 334.
694 4141 800 4195 Nauck.

196 4230 219 4299 ὅ)
238 4230 319 4284 Oonv.
339 4230 417 4284 Phoc.
437 4230 481 4283 Et.
505 4230 543 4283 M.
567 4230 631 4295 690,
652 4231 693 4284 14.
723 4228 763 4284 ef.
783 4228 857 4283 Suid.
877 4225 966 4284 Schol.
986 4228 1085 4284 Aesch.
1105 4228 1195 4282 Prom.
1214 4227 1275 4283 453.

108 4318 181 4373 Gom.
201 4320 223 4374 I.
243 4320 349 4388 12358.
369 4319 455 4374 Kock.
474 4320 506 4373 B.
525 4321 560 4373 A.
581 4319 622 4388 14,
642 4320 684 4374 26.
703 4318 771 4373 Poll.
791 4318 824 4374 V.
844 4319 886 4373 66.

154 4409 216 4464 378.
237 4409 257 4475 ¹)
271 4409 387 4479 Propter
401 4407 577 4478 proverbium
591 4408 660 4465 illud
687 4408 759 4477 quod
771 4407 802 4461 in
815 4406 849 4463 fr.
863 4407 906 4462 79.
921 4421 957 4463 ex
970 4407 1061 4464 lexico
1075 4406 1213 4463 rhetorico
1226 4421 1275 4476 pe·
