3000 5040
824 240 891 308 260

271 396 406 491 εἴρηται
427 393 467 468 τδ
490 394 606 486 ὄγκων
624 403 682 467 καὶ
698 408 740 486 τῇ
758 426 793 468 αι
811 398 989 490 διφθόγγῳ
1006 400 1301 492 παραληγάμινον.
1322 401 1446 493 γράφει

269 504 342 596 γὰρ,
365 500 419 577 ὅτι
441 502 605 595 ὄγκοιῑ)
637 511 772 594 γωνίαι,
794 512 852 576 καὶ
874 504 1090 596 ὄγκαιονλ)
1123 503 1260 599 ἄγγελον
1281 506 1444 596 πλεκτδν,

270 614 345 685 οἶον
369 617 502 701 σπυρῖς,
526 615 564 682 ἐν
586 606 616 703 ᾦ
639 614 673 682 αἴ
696 609 808 696 άκῖδες
829 626 900 683 τῶν
922 622 1048 699 βελῶν,
1074 616 1110 685 αἴ
1132 621 1191 686 καλ
1213 613 1314 706 ὄγκοι
1334 613 1386 700 ὡς
1407 619 1444 688 έν

270 719 389 791 Ἰλιάδι.
415 715 499 792 ὅθεν
518 724 608 805 ἴσως,
632 726 740 810 φησὶ,
763 727 820 791 καὶ
838 720 1005 813 ὄγκοςθ)
1029 718 1147 793 δκατ’
1164 718 1371 811 ἀλαζονείαν
1389 730 1443 818 δη-

244 825 366 919 νλαδι),
390 832 426 914 ἐξ
448 821 490 899 οὗ
513 825 796 918 δγκύλλεσθαι·
819 825 859 900 τδ
882 834 1119 919 καυχᾶσθαιι).

357 941 431 1007 413.
460 939 633 1005 Eustath.
651 961 681 1023 p.
697 938 792 1018 1533,
810 941 862 1006 44
889 933 929 1008 τδ
951 941 986 1008 δὲ
1004 936 1172 1028 πηδάλιον
1190 932 1244 1009 δτι
1261 944 1323 1011 καῖ
1339 940 1442 1029 ἐφόλ-

269 1070 346 1114 κιον
368 1047 507 1133 λέγεται,
531 1047 691 1134 δηλοῦσιν
713 1044 747 1114 ολ
768 1050 915 1114 παλαιοί.
943 1040 984 1115 τὸ
1008 1039 1092 1115 αὗτδ
1116 1045 1269 1136 δὲπαρά
1292 1068 1363 1119 τισι
1385 1055 1442 1119 καὶ

269 1148 388 1244 αὐχὴν,
425 1149 472 1233 ὡς
508 1157 606 1242 δηλοῖ
634 1146 673 1221 τό
709 1155 992 1242 καθωμιλημένον
1024 1147 1188 1242 αὖχένιον.
1230 1153 1283 1223 ἔτι
1315 1159 1354 1227 δέ
1385 1162 1441 1227 καῖ

269 1263 398 1349 οἴαξῖ).
423 1274 530 1329 κεῖται
545 1270 629 1348 γοῦν
647 1262 685 1329 έν
703 1267 847 1349 λεξικῷ
865 1260 1064 1352 ῥητορικῷ
1081 1269 1202 1331 ταῦτα·
1221 1264 1312 1349 οἴαξ·
1329 1264 1441 1357 πηδά-

230 1376 354 1452 roseos,
377 1362 490 1458 αὐχήν.
524 1362 815 1456 Διογενιανδς’)
839 1370 887 1452 δέ,
909 1388 1043 1459 φησιν,
1067 1371 1184 1450 οἴακος
1201 1372 1301 1459 λέγει,
1323 1368 1379 1451 οἴς
1399 1367 1442 1441 τὰ

268 1475 416 1565 πηδάλια
439 1476 712 1563 ἐπιστρέφουσιν,
739 1471 814 1565 ἦτοι
836 1471 985 1558 κανόνας
1007 1481 1064 1546 καὶ
1084 1481 1237 1566 κρίκους,
1259 1472 1309 1547 δι’
1332 1468 1387 1548 ὦν
1409 1479 1443 1549 οἱ

270 1582 403 1670 ἱμάντες
431 1586 621 1670 διεῖρονται.
665 1584 735 1674 [καὶ
760 1584 898 1672 φέρεται
924 1589 982 1652 καὶ
1007 1587 1100 1672 μέχρι
1126 1593 1192 1653 νῦν
1217 1579 1240 1674 ι)
1265 1594 1341 1654 τῶν
1368 1585 1441 1657 οἰά-

269 1716 341 1758 κων
364 1692 451 1775 λέξις
473 1685 536 1759 οὐκ
559 1692 615 1760 ἐπὶ
638 1683 722 1760 ὅλου
743 1701 807 1759 τοῦ
828 1695 1005 1781 πηδαλίου.
1033 1693 1163 1780 λέγεται
1183 1686 1246 1782 γὰρ
1263 1708 1340 1775 τοῖς
1361 1719 1442 1764 ναυ-

268 1813 374 1877 τικοῖς
405 1795 518 1866 οἴάκιιι
550 1796 693 1888 ξυλήφιά
720 1824 810 1882 τινα,
844 1792 891 1867 δι’
918 1788 969 1867 ὦν
1001 1801 1183 1888 στρέφουσι
1208 1810 1376 1888 τεχνικῶς
1400 1796 1441 1871 τδ

230 1922 256 1963 1⁵
268 1903 460 1994 πηδάλιον).

357 2015 432 2081 414.
469 2015 643 2081 Eustath.
666 2038 696 2101 p.
722 2014 821 2094 1533,
845 2017 896 2082 60.
933 2013 971 2082 ἐν
1003 2015 1041 2083 δὲ
1067 2012 1268 2103 ῥητορικῷ
1296 2022 1442 2106 λεξικῷ

269 2121 406 2208 φέρεται
428 2123 486 2188 καὶ
508 2111 562 2189 δτι
585 2119 736 2208 otram)
760 2114 963 2210 ἀκανθώδης
979 2118 1117 2212 βοτάνη,
1140 2122 1177 2206 έξ
1192 2112 1232 2211 ἧς
1252 2124 1442 2193 πλέκονται

270 2231 407 2316 σχοινία.
450 2221 513 2313 ἀφ’
540 2217 579 2317 ἧς
610 2222 709 2308 άσπῖς
741 2229 905 2318 οἰσυΐνη.
944 2229 972 2296 εἴ
1004 2221 1038 2297 δ’
1066 2229 1104 2296 έκ
1135 2227 1293 2320 τοιαύτης
1325 2229 1442 2312 οἰσύοις

269 2339 327 2404 καὶ
349 2333 548 2419 σίσύϊνον,
576 2329 623 2416 ὡς
646 2331 749 2419 εἰκὸς,
777 2333 888 2424 δόρυ,
916 2329 979 2404 οὐκ
1002 2330 1046 2404 iv
1068 2336 1120 2426 εἴη
1143 2328 1440 2426 άπισχυρῖσασθαι.

229 2461 256 2500 ²0
357 2444 432 2512 415.
464 2445 637 2513 Eustath.
661 2468 691 2531 p.
716 2445 795 2524 862,
818 2446 847 2512 6.
886 2443 927 2511 ἐν
955 2444 995 2511 δὲ
1022 2438 1121 2512 κατὰ
1148 2457 1352 2532 στοιχεῖον
1379 2452 1441 2514 λε·

313 2699 374 2754 412.
402 2697 474 2754 Tota
497 2698 624 2754 doctrina
646 2698 766 2754 recurrit
788 2715 816 2768 p.
834 2699 895 2765 467,
913 2699 957 2754 32.
981 2694 1009 2753 oi
1027 2700 1058 2752 σε
1077 2696 1195 2752 παλαιοί
1211 2712 1310 2767 φασιν.
1337 2695 1442 2770 ὀγκύλ-

269 2790 373 2843 λεοθαι
392 2786 480 2842 solum
498 2789 629 2843 omissum
648 2793 698 2842 est.

359 2877 379 2940 ¹)
397 2875 568 2945 Significatio
587 2893 641 2932 non
660 2877 778 2932 recurrit
795 2875 851 2930 nisi
868 2875 993 2945 aplius.
1012 2869 1096 2947 ὄγκοι
1114 2882 1144 2931 et
1162 2875 1208 2931 Et.
1223 2874 1294 2932 ouo
1307 2876 1376 2946 418,
1395 2876 1441 2932 31.

358 2967 379 3034 ⁹)
398 2965 439 3021 61.
459 2966 525 3021 Hes.
545 2967 580 3036 gl.
600 2959 708 3037 ὄγκιον.
727 2967 772 3020 st.
791 2966 831 3020 Μ.
850 2964 915 3032 613,
934 2965 977 3021 45.
996 2964 1041 3021 Et.
1061 2964 1131 3022 (iud.
1150 2966 1212 3032 418,
1231 2966 1275 3023 52.
1307 2965 1354 3022 Ao
1372 2981 1442 3023 acus

267 3058 344 3128 ipsas
363 3071 416 3111 vox
434 3054 526 3110 relata
544 3060 588 3110 ert
606 3072 651 3125 ap.
670 3055 744 3111 Suid.
763 3056 831 3110 Lex.
849 3055 962 3111 Baehm.
982 3055 1043 3123 312,
1064 3056 1105 3111 16.
1125 3053 1171 3111 Et.
1190 3055 1228 3111 M.
1247 3054 1310 3125 613,
1329 3055 1383 3119 17,
1403 3054 1440 3112 ef.

267 3146 336 3201 Poll.
355 3145 389 3200 X.
409 3145 469 3200 165.

358 3233 379 3302 ⁸)
398 3233 438 3289 cf.
458 3233 524 3288 Hes.
544 3251 565 3289 s.
584 3251 609 3289 u.
629 3226 724 3304 ὄγκος.
743 3232 833 3290 Schol.
852 3235 900 3290 Ar.
920 3234 984 3289 Pae.
1002 3233 1063 3291 465.

357 3324 379 3392 ⁴)
398 3322 477 3378 Duae
500 3322 608 3393 glossae
631 3322 739 3378 inlex.
762 3323 947 3379 inveniuntur.
985 3316 1181 3394 ὀγκύλλεσθαι
1203 3338 1248 3392 ap.
1271 3321 1339 3378 Hes.
1361 3321 1440 3380 suu

268 3414 347 3469 Phot.
371 3412 415 3480 (ef.
434 3413 511 3468 Erot.
530 3430 558 3483 p.
577 3413 625 3482 99,
645 3413 689 3481 14)
712 3415 742 3467 et
764 3413 855 3468 altera
878 3406 1088 3484 ὀγκυλλόμενος
1110 3429 1157 3482 ap.
1175 3411 1255 3468 Phot.
1274 3413 1321 3481 (ex
1339 3410 1441 3469 Gobeti

269 3502 438 3573 coniectura)
457 3501 534 3558 Suid.
553 3503 620 3557 Lex.
634 3504 747 3557 Baehm.
766 3503 828 3567 312,
847 3503 888 3556 11.
916 3503 1013 3557 Cobeti
1032 3502 1221 3558 coniecturam
1237 3507 1354 3572 propter
1366 3500 1439 3558 Ero·

269 3593 340 3650 tiani
359 3593 450 3649 locum
468 3595 543 3662 apud
561 3593 639 3648 Phot.
659 3595 755 3647 eontra
773 3592 915 3647 Naberum
932 3591 1065 3646 tuendam
1083 3606 1144 3646 esse
1164 3593 1240 3660 puto.

311 3685 373 3739 413.
402 3684 534 3739 Fortasse
553 3684 623 3738 haec
643 3682 735 3737 omnia
753 3681 946 3737 Pausaniae
966 3684 1037 3750 sunt,
1057 3679 1092 3735 cf.
1111 3679 1144 3735 fr.
1164 3679 1226 3736 245.
1244 3684 1301 3736 not
1321 3680 1347 3736 1.
1364 3680 1438 3737 Pras.

268 3791 295 3843 p.
315 3775 357 3830 68.

357 3864 380 3930 ²)
400 3863 481 3918 Cous.
500 3863 579 3918 Phot.
598 3861 673 3917 Suid.
693 3878 714 3916 s.
735 3878 758 3915 v.
779 3855 884 3924 οἴακες,
904 3860 970 3914 Lex.
989 3861 1102 3914 Bachm.
1121 3858 1182 3925 312,
1201 3859 1245 3914 27.
1263 3858 1309 3914 Et.
1322 3858 1362 3915 M.
1375 3860 1440 3928 616,

268 3952 312 4021 42,
331 3952 366 4008 oi.
385 3952 463 4008 Phot.
483 3952 557 4007 Suid.
576 3968 598 4007 s.
618 3970 641 4007 v.
662 3944 798 4020 πηδάλια,
818 3945 909 4016 οἴαξιν
928 3951 995 4006 Lex.
1014 3948 1127 4005 Baehm.
1146 3949 1213 4016 342,
1233 3948 1276 4004 12.
1294 3947 1383 4005 Gaisf.
1402 3949 1441 4005 ad

268 4042 313 4096 Et.
332 4043 371 4096 M.
392 4043 452 4110 669,
471 4041 513 4097 39.
532 4041 578 4096 Et.
598 4040 667 4096 Gud.
687 4039 748 4096 466.
769 4040 811 4094 12.
830 4039 921 4095 Schol.
940 4040 988 4093 Ar.
1007 4039 1069 4094 Pae.
1090 4038 1150 4094 142.

359 4131 380 4202 ⁹)
398 4131 512 4186 Prorsus
533 4129 662 4186 convenit
679 4130 745 4185 Hes.
765 4145 786 4184 s.
806 4146 831 4183 v.
851 4124 955 4193 οἴακες,
975 4126 1010 4184 of.
1029 4128 1156 4184 Eustath.
1175 4144 1203 4198 p.
1222 4127 1302 4195 1350,
1321 4128 1348 4183 8.

314 4221 375 4276 414.
396 4222 415 4287 ¹)
434 4221 565 4276 Praeced.
586 4219 619 4274 fr.
640 4221 681 4276 76,
705 4219 889 4274 -Fortasse
912 4221 966 4274 huo
989 4218 1112 4289 pertinet
1134 4217 1208 4273 Suid.
1228 4232 1249 4272 s.
1269 4234 1294 4272 v.
1313 4246 1348 4256 —
1367 4215 1441 4274 cou-

268 4310 364 4366 iuneta
381 4310 456 4365 redit
474 4310 566 4379 glossa
585 4326 646 4365 eum
664 4310 792 4380 proxima
810 4324 854 4378 ap.
868 4309 934 4364 Hes.
948 4325 968 4363 s.
982 4325 1006 4364 v.
1021 4304 1170 4377 οἰσυΐνῃσι,
1190 4301 1348 4370 οἴσυῖνοιοι,
1367 4304 1440 4363 Lex.

268 4401 380 4457 Bachm.
399 4400 461 4468 315,
481 4401 523 4455 19.
542 4399 587 4455 Et.
606 4400 644 4454 M.
664 4400 725 4469 619,
745 4401 787 4455 18.
807 4398 911 4455 Herod.
931 4398 952 4452 I.
972 4399 1032 4465 392,
1053 4398 1095 4456 16.
1113 4397 1209 4453 Lentu.
