3000 5040
728 211 767 278 11

252 374 424 441 eustach.
460 395 491 457 p.
530 372 629 450 1291,
667 364 720 438 rr.
863 371 910 438 ie.
932 394 962 456 p.
988 370 1082 448 1291,
1105 371 1157 437 aa.
1180 369 1330 460 (11355)

164 483 394 558 Παυσανίας
439 479 475 546 de
520 471 626 545 είπών
666 480 724 544 καὶ
776 472 930 563 πάραντα
963 477 1013 558 δὲ,
1050 470 1100 556 ὡς
1138 477 1179 544 ἐν
1215 474 1330 564 ῥητο-

166 581 281 667 αὐτός,
306 579 359 654 ὅτι
383 582 517 672 ὄόχμη·
545 578 585 651 τὸ
608 607 723 672 τετρα-
777 586 875 670 ρἰκῷ
898 588 1040 671 λεξικῷ
1058 597 1174 666 κεῖται,
1196 580 1331 669 πλάγια,

166 692 346 774 δάκτυλον,
365 689 492 778 ἐπάγει·
517 688 663 778 Κύπριοι
686 692 722 758 δὲ
776 687 969 778 ἓτεροκίινῆ
995 684 1017 778 ἢ
1043 688 1249 778 προσῷμαλα
1276 691 1332 755 καὶ

165 795 229 889 τὴν
251 791 447 886 παλαίστὴν.
480 797 560 876 ’icor
584 799 631 880 δέ,
653 823 722 886 φη·
775 796 916 886 γήλοφα.
942 794 1083 883 δόχμια
1106 792 1214 863 δὲτὰ
1237 793 1331 864 πλά-

167 927 243 989 σιν,
286 900 339 975 διὰ
376 899 416 972 τὸ
453 901 646 991 πλαγιάζειν
682 909 724 988 τῇ
776 931 849 991 για.
882 906 920 973 cf.
942 928 972 990 p.
997 906 1070 983 896,
1094 905 1146 971 61.

164 1017 249 1102 χειρὶ
268 1013 305 1080 ἐν
323 1020 373 1101 τῷ
394 1023 534 1099 μετρεῖν.
560 1008 724 1098 δόχμιον

166 1112 306 1208 γὰρτὸ
329 1116 499 1205 πλάγιον
522 1119 574 1207 (fr.
600 1119 687 1207 136).

254 1227 425 1293 Eustath.
460 1249 489 1311 p.
529 1226 628 1302 1421,
669 1226 720 1292 63.
866 1226 912 1292 ib.
939 1248 968 1310 p.
999 1225 1098 1303 1328,
1128 1224 1181 1291 49.
1227 1221 1264 1288 ἐκ
1297 1222 1333 1288 δὲ

166 1333 218 1418 (fr.
247 1333 336 1422 279).
383 1335 529 1421 πηνίον
563 1331 600 1398 δέ
631 1330 722 1398 ἐστιν
777 1338 840 1399 τοῦ
862 1335 1007 1419 πηνίον
1030 1332 1086 1396 καὶ
1108 1323 1149 1396 τὸ
1173 1329 1332 1417 ἐκπηνί-

166 1433 184 1506 ὃ
211 1440 320 1524 μίτος,
348 1437 384 1521 ἐξ
410 1427 451 1504 οὗ
478 1441 534 1504 καὶ
560 1456 721 1525 χρνοεο-
776 1445 857 1522 ζειν
883 1433 975 1526 παρὰ
1001 1446 1051 1524 τῷ
1078 1444 1232 1522 κωμικῷ,
1261 1437 1332 1520 [καὶ

164 1541 336 1632 πήνιτον
367 1540 494 1632 ἄμφιον
520 1548 578 1611 καὶ
605 1545 721 1633 ἐκπη-
774 1539 791 1612 r‘
814 1541 993 1635 Πηνελόπη
1014 1544 1049 1610 δὲ
1068 1536 1130 1610 ἄπ’
1149 1536 1264 1624 αὐτοῦ,
1287 1536 1333 1621 ὡς

165 1654 275 1733 νίζον,
293 1648 380 1739 ῥῆμα
398 1645 489 1740 παρὰ
506 1661 556 1739 τῷ
575 1661 724 1739 κωμικῷ,
776 1654 833 1719 καὶ
856 1651 893 1717 ἓν
915 1643 1082 1740 Ὀδυσσείᾳ
1105 1649 1252 1738 ἐρρέθη]
1277 1653 1334 1716 καὶ

165 1760 223 1826 καὶ
246 1759 508 1846 ἐκπηνιεῖται,
532 1750 552 1824 d
574 1757 644 1824 ἐστι
665 1782 722 1846 μη-
776 1752 1333 1846 τὸχρνοεοοπήνιτον·ἓρμηνεία

165 1862 311 1951 ρύοεται,
325 1867 381 1930 καὶ
395 1857 481 1931 κατὰ
491 1867 723 1932 Παυσανίαν
778 1867 813 1934 δὲ
830 1874 893 1933 τοῦ
910 1867 1055 1953 πηνίον
1074 1857 1114 1931 τὸ
1136 1867 1247 1950 μίτον·
1271 1890 1332 1952 πη-

167 1967 324 2060 ἐξειίὴσει
348 1971 394 2051 εἰς
416 1973 548 2060 πηνίον.
588 2039 589 2043 ,
776 1975 852 2041 νίον
878 1965 941 2060 γὰρ
967 1964 1007 2038 τὸ
1037 1971 1082 2049 είς
1104 1974 1203 2057 μίτον
1224 1969 1333 2060 χρήσι-

776 2104 856 2166 μον,
885 2071 921 2158 ὅς
950 2072 989 2167 δὴ
1017 2080 1111 2165 μίτος
1137 2072 1157 2166 ἥ
1186 2071 1204 2145 ὃ
1234 2072 1334 2157 αὐτὸς

776 2194 826 2272 τῷ
852 2189 963 2274 πηνίῷ
991 2183 1141 2253 ἐνταῦθα
1169 2185 1238 2252 ἐστι
1267 2187 1334 2251 δια-

779 2287 960 2380 σαφητικός
991 2285 1040 2358 dv
1067 2301 1129 2360 τοῦ
1159 2294 1283 2379 πηνίον
1314 2285 1335 2379 ἢ

779 2392 1029 2487 οἷντιδιαιρεῖται
1051 2407 1101 2486 τῷ
1121 2395 1259 2487 στήμονι
1278 2399 1334 2464 καὶ

776 2514 817 2590 τῇ
848 2503 969 2594 κρόκη,
1000 2496 1042 2593 ἣν
1074 2508 1130 2572 καὶ
1162 2502 1334 2592 ῥοόάνην

778 2614 890 2695 φασὶν,
914 2605 964 2690 ὡς
987 2611 1029 2677 ἓν
1051 2609 1250 2700 ῥητορικῷ
1274 2604 1333 2677 eii-

778 2743 891 2807 ρηται
913 2724 1064 2806 λεξικῷ.

257 2827 446 2895 Pausaniam
468 2828 567 2911 igitur
588 2827 639 2892 his
661 2825 764 2892 tribus
781 2827 858 2893 locis
882 2827 1015 2892 cundem
1040 2848 1107 2892 esse
1125 2831 1221 2910 atque
1242 2827 1335 2892 lexici

168 2935 320 3001 rhetorici
342 2940 504 3001 auctorem
525 2932 726 2999 manifestum
749 2939 806 2999 est.
848 2933 989 2998 Tertium
1012 2934 1165 3018 imprimis
1187 2935 1290 3001 locum
1308 2936 1335 2999 si

168 3047 315 3107 accurate
338 3041 527 3126 inspexeris,
550 3061 656 3105 omnes
679 3041 811 3123 glossas,
837 3061 902 3106 non
924 3041 1026 3107 solum
1049 3039 1267 3128 ἐκπηνιεῖται,
1293 3042 1334 3106 ad

169 3150 343 3214 atticistam
364 3148 533 3214 revocabis.
574 3147 749 3232 Penelopae
773 3149 961 3232 etymologia
982 3151 1070 3214 uncis
1087 3149 1208 3215 inclusa
1226 3149 1335 3214 eodem

169 3256 237 3320 loco
255 3255 416 3321 Eustathii
435 3277 474 3321 cx
492 3255 644 3340 Odyssiae
663 3255 894 3321 commentariis
912 3256 1012 3339 petito
1031 3256 1129 3320 redit:
1152 3257 1233 3333 ideo,
1251 3256 1335 3339 quod

169 3363 272 3446 primo
300 3363 413 3428 obtutu
441 3363 597 3446 quispiam
624 3384 741 3447 negare
768 3363 900 3446 poterit,
927 3363 1012 3428 idem
1038 3362 1124 3428 locus
1147 3362 1299 3447 Odyssiae
1309 3362 1334 3446 ¹)

170 3471 266 3535 etiam
293 3469 335 3534 ab
364 3469 509 3562 episcopo
532 3469 707 3554 respicitur.
753 3469 914 3553 Optimum
937 3476 1043 3535 autem
1065 3469 1215 3547 fructum,
1242 3490 1336 3552 quem

170 3599 209 3642 ex
231 3577 289 3642 illa
311 3596 411 3642 messe
434 3577 602 3654 lucramur,
625 3599 696 3643 eum
719 3597 786 3642 esse
810 3577 900 3654 duco,
922 3584 959 3642 ut
982 3577 1077 3643 etiam
1099 3571 1206 3662 κρόκη
1228 3596 1336 3640 rocem

170 3683 223 3768 (cf.
247 3682 285 3748 fr.
310 3683 390 3759 405,
418 3684 504 3766 quod
527 3705 544 3748 e
567 3683 689 3750 duobus
712 3684 873 3750 Eustathii
895 3684 972 3749 locis
995 3684 1223 3750 contexendum
1252 3684 1334 3767 erat)

170 3789 345 3856 Pausaniae
367 3791 578 3856 restituamus.

260 3896 318 3963 Oui
337 3896 515 3982 fragmento
533 3897 682 3963 atticistis
704 3898 852 3965 restituto
875 3897 1011 3964 alterum
1032 3897 1135 3961 locum
1158 3896 1274 3962 addere
1297 3895 1335 3960 li-

261 4095 281 4160 1)
298 4093 441 4148 Eustathii
464 4092 673 4148 commentarios
696 4093 732 4148 ad
751 4093 895 4164 Odyssiam
917 4093 1089 4162 pertinentes
1108 4092 1194 4147 editio
1212 4093 1336 4148 Romana

170 4180 236 4236 inde
255 4197 272 4235 a
290 4198 353 4252 pag.
368 4183 438 4237 1379
457 4181 661 4251 complectitur:
682 4199 725 4237 me
744 4198 854 4252 semper
870 4184 992 4236 numeris
1011 4182 1124 4237 editoris
1137 4183 1253 4238 Romani
1273 4198 1335 4237 con·

171 4274 277 4324 tentum
295 4271 369 4337 fore,
388 4271 413 4326 si
432 4272 541 4340 quando
559 4271 721 4327 Eustathius
741 4288 770 4326 se
789 4274 879 4341 ipsum
899 4272 1027 4328 citaverit
1045 4288 1134 4342 neque
1154 4274 1188 4328 de
1207 4272 1267 4327 loco
1285 4272 1335 4326 du-

170 4358 257 4414 bitari
274 4359 386 4429 poterit,
406 4362 492 4415 semel
509 4376 614 4416 moneo.

1107 4453 1124 4506 2
