3000 5040
704 265 768 330 126

146 427 250 505 νίαν,
274 418 453 510 κερκώπην
462 423 490 508 ³)
514 422 551 488 δὲ
573 414 613 488 τό
637 418 811 506 ἐλάχιστον
828 423 1008 507 τεττίγιον·
1031 412 1072 487 τό
1097 413 1132 487 δ’
1154 413 1239 487 αότό
1264 423 1322 488 καί

144 533 417 617 καλαμαῑονέ),
444 521 485 595 τό
510 529 546 594 δὲ
568 521 651 613 μετὰ
675 537 776 595 τοῦτο
805 525 1081 617 τιτιγόνιονῡ),
1113 526 1196 607 ίσιος
1227 520 1321 615 παρὰ

144 631 184 703 τό
207 639 357 719 τιτίζειν,
384 638 462 722 περὶ
490 625 532 702 οὗ
558 631 823 722 προδεδήλωται.
870 637 939 714 Quo
963 658 1034 702 oum
1056 637 1127 702 loco
1150 640 1320 703 contexen-

145 745 203 808 dus
226 743 273 809 ib.
293 767 322 828 p.
342 745 421 820 229,
443 743 491 810 15.
525 743 706 829 σημείωσαι
735 742 771 807 δὲ
794 732 847 807 ὅτι
871 741 908 807 ἐκ
931 749 994 808 τοῦ
1021 743 1160 823 τιτίζειν
1182 743 1319 830 τίτιςί)

117 845 229 915 εκατὰ
256 849 399 916 Αίλιον
426 845 641 915 Διονύσιον
667 840 772 934 βραχὺ
799 842 958 934 ὀρνίθιον
984 841 1005 935 ἢ
1037 849 1094 914 καὶ
1125 855 1197 914 πᾶν
1226 865 1318 934 φησι

143 949 264 1043 μικρὸν
287 949 445 1042 ὀρνίθιον
468 946 558 1022 οὕτω
576 959 735 1022 καλεῖται.
760 952 895 1041 έτερος
914 954 952 1021 δέ
967 956 1018 1032 τίς
1036 972 1119 1042 φησι
1138 955 1173 1042 (i.
1192 976 1220 1020 e.
1237 955 1319 1020 Pau-

143 1063 224 1149 san.)
248 1054 300 1128 ὅτι
318 1055 404 1128 κατὰ
421 1062 556 1149 μίμησιν
575 1055 650 1148 ἢτοι
674 1053 950 1146 ὀνοματοποιίαν,
974 1052 1060 1129 ὅθεν
1079 1060 1160 1138 ἴσως
1183 1061 1242 1126 καὶ
1262 1085 1317 1126 τι-

143 1165 324 1254 τιγόνιον
348 1164 499 1252 ζοούςοιον
522 1160 614 1254 παρὰ
637 1177 687 1254 τῷ
707 1161 798 1254 αὐτῷ
817 1159 938 1252 ὀμοιον
959 1168 1090 1254 τέττιγι.
1115 1168 1154 1234 of.
1171 1190 1203 1252 p.
1225 1168 1318 1246 1481,

143 1276 197 1342 51.
229 1266 282 1341 ὀτι
311 1276 347 1342 δὲ
371 1276 548 1361 χαίρουσιν
576 1272 609 1341 oi
632 1275 769 1361 Δωριεῖς
795 1283 836 1359 τῇ
859 1283 922 1341 τοῦ
943 1285 965 1362 η
989 1274 1035 1352 είς
1058 1284 1080 1340 ᾶ
1102 1268 1318 1361 μεταποιήσει

104 1403 131 1443 ro
145 1383 249 1469 δῆλον
276 1382 338 1466 μέν
366 1383 423 1447 καὶ
451 1380 487 1462 ἐξ
514 1374 635 1447 ἄλλων.
670 1373 712 1446 οὐ
737 1373 804 1468 μὴν
833 1381 868 1447 δὲ
897 1374 982 1447 α’λλόι
1009 1382 1067 1446 καὶ
1094 1379 1133 1446 ἐκ
1155 1388 1229 1447 τῶν
1251 1380 1317 1448 Αί-

144 1490 234 1554 λίου
253 1489 482 1568 Διονυσίου,
504 1477 541 1565 ὀς
560 1480 737 1574 ὀχέτηνῖ)
756 1486 909 1575 ἐκτίθησι
926 1479 989 1554 τόν
1008 1479 1167 1575 ηχητικόν
1185 1488 1318 1573 τέττιγα

144 1597 201 1661 καί
227 1591 388 1682 κάληνῧ)
416 1586 478 1681 τὴν
505 1591 611 1681 κήλην
634 1595 691 1659 καί
713 1591 887 1682 καλήτην
916 1595 1032 1682 φησίν,
1060 1585 1135 1679 οόχὶ
1162 1590 1316 1682 κηλήτην.

234 1702 285 1768 88.
317 1702 491 1766 Eustath.
511 1724 539 1785 p.
561 1701 661 1778 1698,
680 1703 732 1767 30.
765 1703 945 1788 σημείωσαι
974 1700 1010 1766 δὲ
1036 1702 1094 1766 καὶ
1122 1691 1177 1766 ὀτι
1205 1692 1318 1785 ὥσπερ

145 1799 332 1892 ὀσφοόελὸς
359 1800 529 1888 ὀξυτόνως
561 1803 647 1873 κατά
679 1830 773 1885 τινας
804 1814 1024 1894 περιεκτικοός
1056 1806 1195 1894 ἐρρέθη,
1228 1799 1317 1874 οὕτω

105 1917 201 1980 ιοκαὶ
224 1905 368 1999 ὀχυρὸς
390 1905 476 1979 κατὰ
499 1913 641 1980 Αίλιον
665 1910 878 1980 Διονύσιον
901 1906 920 1981 ὃ
945 1905 1212 2002 ὀχυροβολοόνῑ).
1240 1910 1316 1980 ira·

145 2045 212 2107 ρος
236 2020 278 2086 δέ
299 2043 360 2098 τις
382 2022 438 2085 καὶ
460 2029 576 2107 χρῆσιν
599 2020 646 2099 εἰς
669 2017 772 2088 τοῦτό
797 2038 912 2108 φησιν·

300 2120 442 2214 Ἑκάβην
465 2119 693 2210 ὀτοτύζουσαν
715 2130 773 2193 καί
796 2123 977 2212 καιόμενον
999 2119 1063 2194 τὸν
1086 2120 1221 2215 ὀχυρόν.

146 2338 192 2409 (of.
211 2340 258 2394 IV.
278 2341 302 2394 7.
322 2345 352 2395 et
369 2340 430 2395 Ael.
450 2340 521 2395 Hist.
540 2343 593 2395 An.
613 2341 647 2396 X.
666 2341 711 2408 44)
733 2343 855 2396 καλοῦσι
878 2339 910 2396 δέ
927 2358 1003 2406 τινες
1021 2337 1088 2406 τοὺς
1105 2339 1160 2409 μέν
1178 2334 1319 2411 μεγάλους

145 2430 195 2483 καί
213 2420 334 2503 ᾄδοντας
352 2426 464 2497 ἀχέτας,
484 2424 552 2492 soie
569 2426 601 2482 δέ
619 2425 739 2500 μικροὺς
756 2424 925 2500 τεττιγόνια.

235 2517 255 2583 ³)
276 2516 310 2573 cf.
329 2519 431 2573 Athen.
444 2518 491 2573 IV.
507 2518 594 2573 1333.
615 2510 676 2572 έστι
694 2515 726 2572 δέ
744 2511 760 2586 ἡ
782 2513 918 2589 κερκώπη
932 2519 1008 2585 ζῶον
1026 2505 1128 2586 ὀμοιον
1146 2515 1254 2588 τέττιγι
1272 2517 1319 2571 καλ

145 2606 260 2679 τιγονίῳ
279 2605 342 2674 (siol
362 2637 396 2646 -
409 2606 487 2661 Euat.
506 2621 533 2674 p.
547 2607 625 2671 1282,
637 2607 680 2672 40,
701 2606 747 2675 qui
766 2606 856 2663 locum
875 2605 1019 2673 exscribit,
1037 2605 1173 2678 τριγονίῳ
1192 2606 1318 2675 praebet,

144 2696 218 2748 undo
233 2694 419 2764 corruptelam
433 2699 557 2749 veterem
571 2695 717 2750 Athenaeo
732 2694 847 2751 subesse
861 2696 994 2765 suspicor,
1009 2710 1080 2764 quae
1092 2694 1239 2767 τιτιγονίφ
1252 2709 1319 2749 vooe

144 2786 275 2850 sanatur).
308 2783 463 2839 Pausaniae
487 2783 614 2838 doctrina
632 2783 706 2838 redit
725 2799 769 2854 ap.
789 2785 855 2839 Hes.
875 2778 1025 2855 κερκώπη·
1045 2778 1149 2854 μικρὸν
1167 2783 1318 2854 τεττίγων,

144 2867 177 2925 τὸ
200 2873 360 2938 καλαμαῖον
382 2866 569 2939 καλούμενον.
597 2871 662 2942 τρία
687 2864 759 2926 είναι
782 2868 838 2943 γὰρ
861 2870 929 2943 γένη
953 2872 1092 2942 τεττίγων
1116 2872 1214 2942 φασίν.
1243 2867 1272 2926 σί
1289 2868 1319 2925 δὲ

145 2958 240 3025 τέττιξ
258 2955 361 3028 θήλεια
379 2956 417 3029 μὴ
437 2963 587 3029 φωνοῦσα,
612 2959 646 3015 af.
666 2961 756 3016 Schol.
775 2964 824 3017 Ar.
843 2962 894 3017 Av.
913 2962 990 3018 1095.
1027 2962 1133 3016 Iterum
1151 2959 1319 3017 Pausaniam

146 3049 233 3104 habes
253 3065 297 3118 ap.
315 3049 394 3103 Phot.
414 3066 435 3103 s.
455 3067 479 3104 v.

233 3138 257 3204 ⁴)
276 3136 329 3192 vid.
343 3137 396 3191 lex.
411 3138 482 3192 rhet.
496 3140 656 3205 καλαμαῖαν
669 3138 713 3208 (fr.
726 3138 798 3200 soal
818 3137 853 3194 of.
868 3138 934 3194 Hes.
947 3155 969 3194 s.
982 3156 1005 3194 v.
1019 3133 1171 3209 κερκώπη·
1190 3135 1319 3206 καλαμίς.

237 3226 258 3293 ⁶)
276 3224 433 3280 Veterrima
455 3225 512 3281 iam
534 3226 590 3282 fuit
612 3227 768 3296 corruptela
790 3223 929 3298 τιγόνιον,
953 3226 989 3282 of.
1008 3228 1081 3282 Prol.
1099 3244 1127 3297 p.
1146 3227 1190 3281 34.
1227 3228 1319 3295 Atque

145 3329 240 3368 vocem
258 3307 383 3384 τιγόνιον
396 3313 451 3370 iam
470 3315 557 3371 habes
576 3331 620 3386 ap.
634 3316 712 3371 Phot.
727 3317 792 3371 Hes.
806 3320 870 3386 post
887 3311 1040 3388 τιγγάβαρι
1058 3315 1177 3372 illatam.
1190 3345 1226 3356 -
1237 3315 1317 3370 Phot.

144 3402 189 3456 at.
209 3402 247 3456 M.
267 3402 327 3469 760,
346 3403 381 3457 47
401 3409 429 3458 et
447 3399 612 3474 τιτιγόνιον·
633 3393 733 3472 ὀμοιον
750 3402 864 3476 τέττιγι.
883 3403 1030 3469 Ἐπίλυκος
1049 3404 1225 3478 Κοραλίσκῳ
1243 3402 1320 3474 (rra

145 3491 242 3559 Kook).
262 3506 295 3546 ex
314 3491 452 3548 Pausania
470 3493 589 3563 petitum
609 3492 642 3549 cf.
662 3493 732 3549 Nab.
753 3494 771 3548 l.
791 3496 809 3549 l.

234 3579 255 3646 ⁶)
274 3579 308 3636 of.
328 3581 407 3636 Phot.

235 3669 255 3735 ⁷)
274 3668 308 3725 of.
328 3670 428 3740 Phryn.
448 3687 492 3740 ap.
512 3672 542 3726 Β.
561 3672 595 3726 A.
614 3671 658 3741 47,
678 3672 720 3726 20.

235 3758 255 3825 ⁸)
275 3757 310 3813 cf.
330 3760 395 3814 Hes.
414 3754 525 3829 η’χέτης,
545 3756 654 3829 ἠχηταί.

190 3845 233 3900 88.
255 3848 275 3913 ¹)
298 3847 365 3902 Cum
389 3848 465 3903 Aelii
486 3849 567 3903 Dion.
588 3849 713 3903 doctrina
736 3849 858 3904 concinit
881 3849 983 3904 Herod.
1007 3849 1127 3916 11860,
1149 3850 1190 3906 18.
1220 3849 1317 3906 Lenta.

145 3928 179 3988 τὸ
198 3929 303 4006 ὀχυρὸς
322 3929 337 3990 ὃ
357 3930 471 4008 ἄχυρών
489 3933 567 4008 παρὰ
581 3933 713 4001 Ἀττικοῖς
731 3932 862 4002 ὀξύνεται
882 3930 920 4002 ὡς
939 3932 1129 4008 περιεκτικὸν.
1158 3935 1193 3992 oi.
1213 3937 1237 3992 1.
1255 3937 1316 4003 200,

147 4023 188 4076 12.
226 4023 334 4079 Similia
360 4026 391 4079 B.
415 4027 449 4080 A.
474 4026 503 4096 7,
531 4027 564 4079 21
593 4021 710 4095 ὀχυρὸς,
739 4019 777 4090 ὥς
804 4021 929 4096 πονηρὸς
956 4021 1088 4096 λυπηρὸς.
1126 4025 1260 4094 σημαίνει
1286 4023 1317 4079 δὲ

146 4106 197 4164 τὸν
215 4103 270 4166 ὑπὸ
289 4115 348 4167 τῶν
366 4111 490 4181 ἀμαθῶν
508 4109 641 4184 ἀχυρώνα
659 4110 845 4183 καλούμενον.
871 4111 994 4169 Ἀττικὸν
1017 4111 1048 4168 δὲ
1071 4113 1135 4169 λίαν
1158 4107 1174 4168 ὁ
1197 4109 1316 4185 ἄχνρός·

147 4200 196 4252 καὶ
214 4195 231 4267 ἦ
251 4203 391 4272 παροιμία
409 4195 475 4266 ὄνος
493 4204 533 4271 (Β.
553 4195 638 4267 οἶνος,
658 4203 742 4259 Mein.
762 4205 836 4259 Mon.
856 4205 909 4258 428
928 4204 1058 4271 correxit)
1077 4198 1119 4266 εἰς
1136 4197 1251 4273 ἇχνρὸν.
1270 4189 1318 4257 εό·

148 4304 231 4357 ρηται
244 4285 275 4343 δὲ
288 4290 337 4343 καί
351 4287 646 4361 προπαροξυνόμενον
660 4285 698 4356 ώς
716 4284 826 4356 ὀλυτος.
854 4292 1034 4347 Proverbium
1046 4290 1165 4346 iteratur
1177 4307 1224 4361 ap.
1236 4291 1316 4360 Βίας.

147 4376 194 4432 VI.
214 4377 255 4431 91.
276 4377 307 4432 (1,
328 4379 357 4432 C.
375 4379 412 4432 Μ.
437 4380 483 4436 IV.
509 4382 551 4434 61.
589 4380 747 4450 Singularis.
769 4398 813 4450 ap.
838 4381 928 4436 Sahal.
951 4383 999 4436 Ar.
1024 4382 1106 4449 Vesp.
1132 4381 1209 4436 1310.
1238 4373 1318 4450 παρὰ
