3000 5040
820 268 861 332 28

256 432 353 496 νυκτὶ
379 436 420 513 τῇ
448 424 644 495 κατουλάάι·
673 420 736 514 τὴν
763 429 987 492 κατίλλουσαν
1010 428 1067 492 καὶ
1089 427 1347 513 κατείργουσαν.
1380 429 1439 493 καὶ

257 533 418 623 ἐξούλης
438 537 526 622 δίκη·
549 528 569 622 ἦ
590 535 768 621 ἐξείρξεαις.
793 532 825 599 οἱ
845 535 880 600 δὲ
899 542 939 618 τῇ
958 534 1173 620 πανωλέθρφ
1193 533 1341 619 ἐσομένη
1364 545 1438 612 τοίς

249 636 410 730 Ἓλλησιν.
434 631 538 709 οὖλον
556 636 618 729 γάρ
637 635 676 708 τὸ
697 636 866 727 ὀλέθριον.
886 644 943 706 καὶ
960 634 981 727 ἡ
1000 633 1086 706 κατά
1104 637 1270 727 πρόθεσις
1289 635 1438 729 αὔξησιν

257 748 330 835 ἔχει.
355 743 376 837 ἢ
400 746 547 836 ζοφώδη·
573 742 641 816 άπό
665 757 723 836 τῆς
745 741 831 814 κατά
849 739 890 814 το
915 756 1009 833 σῶμα
1032 747 1207 835 γινομένης
1230 740 1351 835 οὐλῆς·
1376 773 1436 833 με·

256 853 412 943 λάντεραι
434 849 495 943 γάρ
519 858 710 942 καταιγίάας
734 853 875 940 ἔχουσαν
894 857 951 921 καὶ
975 847 1165 941 συστροφάς
1188 849 1335 940 άνέμοον.
1369 855 1436 922 εἰλ-

256 969 327 1030 λειν
349 957 411 1050 γάρ
434 957 473 1030 τὸ
498 964 706 1049 συστρέφειν.

344 1073 406 1138 Res
433 1074 531 1156 igitur
554 1073 599 1137 sic
625 1071 773 1136 instituta
795 1075 878 1146 erat,
907 1076 942 1135 ut
964 1070 1117 1136 maiorem
1139 1069 1318 1136 Pausaniae
1341 1071 1434 1155 glos-

255 1201 322 1246 sam
349 1179 401 1267 (ut
427 1180 514 1264 apud
535 1179 627 1244 Phot.
650 1176 843 1263 asservatur)
871 1177 921 1243 bis
949 1177 981 1241 in
1009 1199 1101 1242 suum
1122 1198 1214 1243 usum
1236 1176 1434 1243 Eustathius

256 1291 462 1363 converteret,
485 1291 518 1352 et
536 1306 649 1351 nomen
672 1286 837 1370 (quaeres
861 1284 974 1350 summi
992 1284 1143 1350 momenti
1161 1283 1223 1369 est)
1242 1283 1346 1351 multo
1371 1306 1433 1370 po-

256 1394 371 1459 sterius
388 1394 535 1459 adderet:
558 1393 690 1470 accedit,
713 1392 797 1477 quod
819 1392 889 1457 loco
911 1391 1009 1457 allato
1031 1382 1179 1468 ὕπουλος
1201 1391 1341 1475 glossam
1359 1392 1433 1460 loco

255 1501 383 1566 minime
405 1506 481 1584 apto
504 1500 651 1576 inseruit,
678 1520 773 1582 quam
801 1504 834 1564 et
860 1500 961 1584 ipsam
983 1499 1132 1565 atticistis
1154 1497 1264 1564 deberi
1287 1498 1328 1564 fr.
1355 1498 1432 1567 155.

255 1613 319 1673 not.
343 1606 373 1672 5.
396 1606 573 1672 luculenter
595 1606 874 1672 demonstrabitur.

344 1713 403 1779 eui
425 1714 548 1797 glossae
571 1713 680 1780 statim
702 1714 830 1779 tertiam
854 1734 892 1778 ex
911 1713 1021 1778 eadem
1043 1711 1149 1779 radice
1168 1711 1346 1778 derivatam
1370 1714 1430 1780 ad·

256 1820 376 1897 demus,
393 1819 449 1886 ubi
467 1820 551 1886 idem
569 1819 640 1885 fieri
657 1821 722 1886 iam
739 1820 826 1886 locus
840 1820 1069 1886 Eustatbianus
1087 1821 1153 1905 ipse
1168 1819 1282 1886 suadet
1296 1817 1334 1884 fr.
1352 1819 1429 1887 209.

255 1926 300 2013 (p.
320 1927 395 2004 206,
414 1927 484 2012 27):
503 1926 616 1992 ἰστέον
635 1927 671 1993 δὲ
691 1918 744 1993 ὅτι
761 1919 803 1992 τά
822 1919 908 1992 κατὰ
927 1919 989 1993 τὸν
1009 1919 1153 2013 στραβόν
1172 1923 1209 1992 οἱ
1226 1927 1429 2015 παλαιοὶῑ)

255 2034 313 2098 καὶ
326 2025 417 2099 οὕτω
437 2029 629 2119 φράζουσιν.
655 2032 780 2118 οἱμὲν
798 2027 844 2112 ὡς
862 2036 1102 2119 βλεπεδαίμαιν.
1128 2026 1147 2100 ὃ
1168 2033 1429 2118 διεστραμμένος

255 2131 314 2217 τάς
338 2133 432 2224 ὄφεις
455 2142 511 2205 καὶ
535 2135 610 2206 οἷον
633 2132 700 2207 ὑπὸ
726 2142 884 2225 δαίμονος
905 2133 1092 2228 πεπληγώς.
1134 2141 1367 2218 Παυσανίας
1391 2141 1427 2206 δὲ

254 2248 457 2334 προστίθησι
485 2249 541 2312 καὶ
565 2238 617 2313 ὅτι
640 2239 719 2325 τοὺς
741 2240 982 2334 Σωκρατικούς
1010 2239 1118 2325 οὕτως
1142 2243 1265 2330 ἔλεγον.
1309 2239 1426 2313 άλλοι

257 2354 296 2418 δὲ
316 2344 369 2418 ὅτι
387 2346 491 2431 ἰλλὸς·
514 2350 665 2438 πλάγιος,
684 2354 950 2440 διεστραμμένος,
974 2350 1123 2439 στραβός.
1148 2355 1204 2418 καὶ
1227 2349 1425 2420 ἰλλάπτειν

256 2452 296 2526 τὸ
316 2463 510 2546 στραβίζειν.
552 2462 659 2539 τινὲς
678 2461 717 2527 δὲ
738 2453 790 2527 ὅτι
810 2458 955 2539 έπιλλος·
985 2453 1267 2548 ὃπαράστραβος,
1290 2463 1349 2526 καλ
1372 2453 1426 2528 ὅτι

257 2559 275 2632 ὃ
301 2560 472 2653 στρεβλός,
496 2559 537 2634 ὃν
561 2567 598 2634 οἰ
620 2569 821 2654 natatem)
846 2559 991 2654 στραβόν
1014 2567 1147 2653 λέγουσι
1169 2569 1226 2632 καὶ
1249 2559 1303 2633 ὅτι
1326 2565 1425 2634 ἰλλά-

256 2695 353 2739 πτειν
377 2677 434 2740 καὶ
457 2672 695 2742 ἐπιλλώπτειν·
720 2668 759 2742 τὸ
784 2667 905 2762 ὑγροῖς,
930 2666 975 2752 ὥς
998 2692 1098 2762 φησιν
1122 2674 1259 2753 Αἰλιος
1282 2673 1425 2744 Διονύ-

258 2796 354 2860 σιος,
377 2783 434 2846 καὶ
457 2779 634 2867 ἒπιμύουσι
656 2785 712 2848 καὶ
735 2781 1057 2866 κατακεκλασμένοις
1076 2775 1218 2866 ὄμμασιν
1237 2781 1424 2868 ἐμβλέπειν.

256 2889 483 2965 Παυσανίας
512 2889 547 2954 δὲ
576 2889 730 2956 ἒνίλλειν·
762 2881 802 2955 τὸ
831 2882 1022 2974 ὀφθαλμοῖς
1053 2895 1334 2974 καταμωκᾶσθαι,
1368 2893 1425 2957 καὶ

257 2992 427 3059 έπιλλοῦν
443 2987 483 3060 τὸ
492 2998 713 3084 μυκτηρίζειν,
723 2997 780 3061 καὶ
790 2992 1048 3062 κατιλλώπτειν·
1063 2988 1103 3062 τὸ
1114 2998 1422 3084 καταμυκτηρίζειν.

256 3100 413 3180 —Quem
431 3102 535 3167 locum
552 3103 624 3169 ideo
642 3104 745 3178 attuli,
764 3104 849 3188 quod
865 3104 940 3169 inde
958 3106 1076 3187 optime
1089 3105 1286 3190 perspicitur,
1304 3104 1423 3172 Eusta-

255 3207 359 3273 thium
382 3229 421 3273 ex
443 3209 607 3276 diversis
629 3211 800 3276 lexicornm
823 3210 899 3276 locis
922 3210 1004 3276 hane
1027 3211 1280 3277 dissertationem
1304 3213 1344 3278 de
1367 3235 1423 3279 vo·

256 3312 345 3379 cibus
367 3313 409 3378 ab
431 3306 524 3392 ἰλλὸς
541 3345 586 3374 --
603 3312 743 3402 πλάγιος
761 3317 911 3382 derivatis
930 3317 1107 3383 contulisse.
1135 3317 1234 3384 Voces
1254 3319 1339 3384 enim
1358 3320 1423 3385 sin·

255 3420 347 3503 gulae
382 3420 416 3484 in
446 3421 554 3488 lexicis
585 3423 690 3489 adbuc
721 3422 903 3490 extantibus
934 3444 1036 3508 neque
1067 3445 1200 3507 usquam
1232 3425 1420 3492 coniunctae

256 3526 307 3610 (ut
329 3548 352 3592 s.
376 3547 403 3592 v,
426 3524 619 3595 κατουλάδα
640 3529 710 3595 fieri
732 3530 881 3618 vidimus)
904 3530 1121 3596 inveniuntur:
1144 3531 1239 3597 immo
1262 3531 1326 3597 huc
1348 3532 1424 3599 illuc

256 3633 417 3717 dispersae
440 3641 523 3715 sunt,
546 3641 583 3701 ut
605 3636 862 3703 adnotationibus
884 3639 927 3703 ad
949 3637 986 3702 fr.
1010 3637 1083 3703 209.
1107 3638 1279 3722 explanavi.
1310 3639 1423 3705 Priore

255 3741 360 3825 glossa
386 3741 578 3826 perlustrata
604 3742 698 3810 facile
727 3745 797 3829 quis
819 3745 1022 3810 Eustathium
1048 3746 1113 3810 iam
1140 3744 1245 3811 omnia
1267 3745 1314 3811 ita
1336 3745 1423 3830 apud

255 3849 412 3916 atticistas
436 3851 604 3916 coniuncta
625 3851 783 3918 invenisse
805 3852 972 3935 putaverit,
995 3856 1032 3916 ut
1054 3851 1133 3917 nihil
1155 3852 1217 3917 nisi
1240 3852 1274 3916 in
1297 3875 1422 3939 παρεκ-

255 3946 357 4034 βολάς
376 3977 413 4021 aa
434 3956 646 4024 transcribere
670 3959 699 4023 ei
722 3959 967 4042 relinqueretur:
991 3960 1077 4041 quod
1100 3979 1158 4042 ego
1182 3959 1227 4026 eis
1244 3963 1370 4025 tantum
1388 3959 1421 4023 in

346 4135 367 4200 ¹)
386 4133 404 4188 i.
425 4150 448 4188 e.
468 4141 576 4191 veteres
598 4135 667 4205 ipsi,
689 4152 744 4191 non
763 4135 960 4205 lexicographi.
990 4136 1024 4191 cf.
1044 4137 1118 4192 Suid.
1138 4131 1212 4199 ἰλλὸς
1234 4166 1270 4176 -
1289 4131 1420 4207 οτραβὸς.

255 4216 458 4292 Ἀριστοφάνης.
488 4224 594 4279 Eodem
612 4241 694 4280 sensu
713 4218 734 4279 ά
756 4222 855 4293 μὲν-
869 4219 948 4279 ἄλλοι
967 4222 998 4279 δὲ
1009 4256 1045 4265 -
1056 4223 1131 4289 τινὲς
1149 4222 1180 4279 δέ
1198 4224 1362 4295 accipienda
1380 4225 1420 4281 vi-

256 4314 364 4377 dentur,
383 4327 443 4365 cum
462 4312 498 4367 ad
517 4309 544 4366 οἱ
562 4316 679 4368 παλαιοὶ
695 4313 855 4383 respiciant.

345 4400 366 4470 λ)
384 4399 485 4455 iterum
504 4406 611 4457 veteres
629 4402 693 4473 ipsi,
713 4403 748 4458 ef.
767 4404 845 4458 Phot.
864 4398 1007 4474 στρεβλὸς.
1027 4434 1061 4444 -
1081 4396 1211 4468 Εὔπολις.
