3000 5040
812 226 878 293 248

266 383 435 455 σύνθετον
458 385 496 453 ἐκ
518 392 576 474 τῆς
599 383 724 473 λαύρας
745 389 803 454 καί
828 381 850 475 ἡ
877 388 1231 476 σποδησιλαῦρα4),
1257 385 1441 457 τουτέστιν

265 489 285 580 ἡ
307 489 428 581 πόρνη,
450 494 610 582 λεγομένη
633 486 724 561 ούτω
746 486 839 580 παρὰ
856 486 897 562 τὸ
917 495 1098 581 διατρίβειν
1115 485 1159 561 τὰ
1175 486 1292 565 πολλὰ
1308 493 1349 563 ἐν
1365 506 1439 575 ταῖς

265 594 359 680 ὁδοῖς
380 594 401 688 ἢ
423 603 481 667 καὶ
503 603 644 691 δημοσίᾳ
667 602 929 687 συμπλέκεσθαι,
952 592 1000 681 ὥς
1021 619 1125 686 φασιν
1147 599 1182 669 σί
1202 603 1357 671 παλαιοί.
1398 595 1439 670 τὸ

264 701 327 793 γὰρ
351 709 551 776 σποδεῖσθαι
573 711 631 775 καί
653 708 709 776 ἐπὶ
726 712 846 796 μίξεως
863 711 1004 776 τίθεται.

238 835 250 875 s
352 817 428 883 407.
460 816 631 882 Eustath.
657 840 687 903 p.
711 817 789 894 860,
812 816 865 884 46.
898 819 1079 905 σημείωσαι
1105 817 1144 884 δὲ
1170 807 1226 884 δτι
1252 816 1297 884 ἐν
1320 814 1440 906 ῥητο-

265 931 365 1010 ρικῷ
396 928 538 1009 regmos
570 914 733 1011 εύρηται
770 921 897 1012 ῥητῶς
932 931 1051 991 ταῦτα·
1097 926 1352 1012 λιγαίνεινῑ)
1397 917 1438 992 τό

265 1025 414 1111 τύπτειν,
437 1021 551 1116 ὥσπερ
574 1023 680 1118 ἡμεῖς,
702 1050 811 1118 φησι,
833 1024 874 1098 τὸ
898 1032 1032 1113 ξαίνειν,
1056 1023 1119 1114 ἀφ’
1137 1018 1180 1098 οὗ
1202 1025 1293 1099 κατ’
1313 1025 1439 1100 ἄλλον

266 1132 569 1223 λεξικογράφον·
595 1133 783 1225 §detersti
807 1129 847 1204 τδ
871 1137 1014 1205 κτένιον.

354 1247 428 1310 408.
460 1245 632 1313 Eustath.
651 1268 681 1329 p.
699 1245 774 1323 905,
796 1246 845 1312 18.
877 1236 931 1312 ὅτι
950 1245 986 1312 δὲ
1004 1237 1167 1333 λωτὸςῑ)
1185 1247 1244 1313 καὶ
1261 1239 1372 1327 αύλός
1388 1271 1440 1326 τις

227 1351 409 1437 ιολίγεται,
438 1353 597 1440 δηλοῦται
623 1352 685 1437 μὲν
712 1354 766 1418 καί
797 1350 838 1419 ἐν
860 1348 1059 1440 ῥητορικῷ
1082 1356 1235 1439 λεξικῷ.
1277 1354 1382 1441 δηλσί
1403 1354 1440 1421 δὲ

266 1450 349 1527 αύτύ
373 1462 430 1526 καὶ
453 1453 472 1526 ὁ
495 1456 624 1546 γράψας

567 1571 680 1633 λωτοῦ
701 1558 788 1634 κατὰ
810 1562 985 1650 πνεύματα
1007 1565 1134 1652 μέλπει.

827 1802 870 1866 Μ.

353 1960 428 2026 409.
460 1960 631 2026 Eustath.
651 1983 680 2043 p.
701 1959 802 2037 1748,
824 1958 876 2024 55.
907 1959 1030 2045 μέλαν
1058 1959 1100 2026 δὲ
1128 1952 1283 2047 δρυὸςῑ)
1312 1958 1349 2026 οί
1373 1960 1439 2045 μὲν

267 2059 330 2154 τὴν
353 2062 547 2154 ἐντεριόνηυ
569 2068 686 2149 φασίν,
713 2060 818 2154 ἤγουν
839 2058 880 2133 od
904 2062 1083 2153 ἐγκάρδιον
1104 2074 1164 2154 τῆς
1186 2057 1303 2152 δρυὸς,
1330 2066 1439 2153 μέλαν

226 2193 251 2234 ιι
265 2167 312 2252 ὡς
334 2165 376 2238 τὰ
398 2166 508 2240 πολλὰ
528 2167 578 2240 ὄν.
603 2165 823 2260 [Ἀρίσταρχος
844 2173 880 2240 δὲ
897 2166 960 2240 τὸν
979 2178 1107 2258 φλοῦν
1126 2165 1218 2240 ούτω
1236 2186 1324 2241 νοεῖ·
1346 2169 1437 2261 Κρά-

353 2411 375 2475 ι)
393 2407 498 2464 Eodem
516 2406 596 2463 modo
615 2423 677 2462 eum
695 2409 786 2477 λαῦρα
805 2405 979 2463 coniunctum
1001 2424 1028 2477 ρ.
1048 2408 1130 2470 1033,
1150 2409 1194 2464 62.
1213 2437 1247 2448 ·-
1265 2407 1291 2463 Ε
1309 2407 1438 2464 Suetonii

266 2503 416 2554 soortorum
436 2497 562 2567 catalogo
581 2496 763 2566 desumptum,
784 2495 818 2551 ci.
838 2496 910 2551 Prol.
929 2513 956 2567 p.
975 2497 1019 2552 53.
1048 2497 1081 2552 In
1099 2495 1239 2567 excerptis
1257 2497 1437 2555 Suetonianis

265 2603 319 2642 non
339 2591 428 2642 extat:
457 2603 548 2657 neque
566 2590 661 2641 tamon
679 2584 801 2640 dubitari
821 2590 925 2654 potest,
951 2585 1017 2655 quin
1036 2601 1071 2642 ex
1088 2587 1137 2641 Ar.
1156 2585 1222 2657 Byz.
1241 2587 1277 2643 ad
1296 2587 1438 2644 attlelstss

266 2692 318 2732 vox
340 2676 391 2732 illa
414 2675 666 2745 transmigraverit,
690 2673 725 2730 oi.
744 2673 777 2729 ir.
797 2675 857 2730 152.
877 2674 937 2731 154.
968 2674 1053 2730 Redit
1070 2691 1097 2745 p.
1117 2674 1196 2742 1082,
1213 2675 1256 2731 41.
1275 2676 1344 2732 Hes.
1360 2677 1437 2734 Gonu

266 2766 318 2822 vol.
337 2767 386 2822 111.
405 2766 438 2821 ir.
458 2766 536 2821 1377.
556 2765 642 2821 Koek.

309 2855 370 2910 407.
392 2857 411 2923 ι)
429 2857 461 2909 In
480 2853 579 2910 lexicis
597 2855 668 2910 haee
692 2851 859 2922 significatio
877 2869 932 2908 non
950 2854 1076 2909 recurrit.
1105 2853 1338 2910 Proficiscendum
1357 2860 1438 2914 esta

266 2945 355 3000 Schol.
380 2946 427 2998 Ar.
451 2943 503 3012 Eq.
522 2945 576 2998 368
598 2945 643 3012 (=
665 2942 751 3010 Suid.)
775 2943 894 3008 ξαίνειν
923 2937 958 2998 τὸ
981 2937 1111 3012 τύπτειν,
1135 2944 1184 2998 καί
1206 2943 1374 3009 §mecoena-
1403 2940 1438 3001 τὸ

265 3028 394 3103 πάσχειν.
422 3033 501 3087 Unde
519 3032 637 3102 primam
656 3032 872 3102 explicationem
891 3047 935 3102 sp.
948 3032 1013 3088 Hes.
1027 3033 1160 3104 λιγαίνει·
1179 3029 1311 3104 ῒτέριιει
1323 3029 1437 3090 instiu-

265 3138 308 3179 τει
327 3121 456 3190 corrigas.
475 3151 509 3160 —
529 3123 627 3177 Altera
646 3121 814 3192 significatio
833 3123 919 3177 multo
937 3121 1079 3178 usitatior:
1104 3121 1252 3192 λιγαίνειν·
1281 3119 1371 3189 δξίως
1389 3119 1438 3196 do

265 3212 322 3274 μῦν
340 3225 384 3279 ap.
403 3210 480 3264 Phot.
501 3211 575 3266 Suid.
594 3212 660 3266 Lex.
680 3213 794 3267 Baehm.
814 3213 876 3279 290,
890 3212 932 3267 20.
952 3212 1018 3267 Ηοε.
1034 3228 1054 3267 s.
1070 3229 1095 3267 v.
1114 3211 1248 3283 λιγαίνων
1267 3215 1297 3267 et
1314 3214 1438 3284 λιγαίνει

265 3314 309 3368 ap.
328 3299 454 3353 Eustath.
475 3316 501 3368 p.
521 3301 582 3366 878,
601 3302 644 3356 27.

355 3387 375 3451 a)
393 3387 499 3442 Eadem
523 3391 643 3444 auctoris
666 3390 777 3444 nomine
801 3389 901 3445 omisso
925 3406 952 3460 p.
971 3391 1020 3458 82,
1039 3392 1081 3446 39.
1110 3390 1208 3446 Glossa
1227 3391 1302 3461 apud
1320 3392 1375 3447 lex.
1396 3392 1437 3448 lo·

266 3475 403 3547 supletior
420 3476 486 3547 fuit,
506 3477 540 3533 ei.
560 3479 638 3534 Phot.
658 3473 766 3545 ξύνιον·
790 3476 911 3542 κτένιον,
931 3469 948 3533 δ
968 3481 1107 3550 φοροῦσιν
1125 3475 1154 3534 αί
1172 3487 1306 3550 γυναῖκες
1325 3476 1358 3536 ἐν
1375 3489 1439 3547 τοῖς

265 3562 449 3635 ἄναδήμασιν.
473 3563 505 3622 οἱ
529 3565 563 3622 δὲ
585 3563 694 3636 κόσμος
710 3568 835 3638 χρυσοῦς
854 3563 902 3622 ἐπί
920 3569 1039 3637 κεφαλῇ.
1069 3567 1109 3624 cf.
1128 3567 1196 3624 Poll.
1215 3569 1249 3625 V.
1267 3570 1310 3625 96.
1329 3569 1375 3625 Et.
1396 3571 1436 3627 M.

266 3659 326 3724 611,
345 3658 388 3712 23.
408 3659 438 3712 Β,
457 3658 491 3712 A.
511 3659 571 3723 284,
591 3660 615 3712 7,
635 3658 700 3713 Hes.

309 3746 370 3801 408.
392 3748 411 3813 ¹)
429 3747 526 3802 Paullo
548 3753 613 3802 ante
636 3741 728 3801 λωτὸν
745 3771 780 3792 ==
798 3740 923 3818 βοτάνην
946 3745 1032 3801 fuisse
1055 3745 1134 3801 Eust.
1159 3745 1317 3803 affirmant.
1346 3748 1437 3818 Quam

265 3834 384 3904 glossam
403 3835 497 3890 Aelii
514 3835 673 3908 Dionysii
692 3834 778 3890 fuisse
798 3834 903 3890 efficies
923 3851 958 3890 ex
976 3834 1010 3890 ir.
1026 3836 1086 3890 214.
1106 3839 1136 3891 εί
1153 3835 1231 3891 Eust.
1249 3852 1276 3906 p.
1292 3836 1372 3903 1239,
1391 3840 1437 3894 61.

266 3911 310 3978 ύτι
334 3921 363 3978 δὲ
387 3920 475 3979 ἰτέαι
499 3927 548 3978 καί
572 3919 646 3989 εἶδός
667 3943 694 3978 τι
721 3919 841 3988 ἀσπίδος
867 3926 1021 3980 καλοῦνται
1052 3926 1099 3979 καί
1122 3912 1167 3980 δτι
1190 3918 1206 3979 ὃ
1229 3921 1320 3990 λωτὸς
1346 3920 1376 3981 ἐν
1400 3930 1437 3998 τῇ
1469 3946 1474 3955 ’

264 4007 356 4066 Ἰλιάδι
375 4011 515 4081 λειμωνία
533 4008 640 4085 βοτάνη
660 4009 721 4068 ἐστι
732 4056 737 4068 .
749 4055 755 4067 .
767 4008 1005 4085 προδεδήλωται,
1025 4014 1059 4069 ot.
1074 4015 1152 4069 Phot.
1176 4017 1268 4083 (quem
1286 4014 1378 4071 locum
1391 4015 1437 4072 in·

266 4100 339 4157 iuria
356 4101 427 4156 Nab.
441 4119 476 4158 ex
494 4104 647 4172 glossarum
667 4103 763 4158 ordine
782 4103 908 4167 removit)
926 4105 993 4158 Lex.
1008 4105 1122 4159 Baehm.
1140 4105 1202 4172 293,
1215 4105 1257 4159 25.
1277 4102 1353 4160 Suid.
1366 4104 1437 4161 Hes.

266 4191 369 4247 Athen.
388 4193 435 4248 IV.
455 4193 507 4248 182
517 4192 550 4246 D.
570 4195 615 4261 (=
633 4192 711 4247 Eust.
731 4193 811 4256 1157,
831 4194 891 4260 20).
910 4193 979 4249 Poll.
999 4195 1045 4250 IV.
1066 4194 1108 4247 74.

311 4280 372 4336 409.
393 4282 414 4349 1)
433 4282 514 4337 Gonv.
533 4281 598 4336 Hes.
628 4282 757 4337 Fortasse
780 4283 817 4336 ad
835 4281 973 4338 atticistas
991 4282 1140 4338 referendo.
1158 4287 1229 4338 sunt.
1259 4282 1336 4353 Quae
1355 4284 1438 4342 uncis

267 4368 437 4437 inclusimus,
457 4370 603 4440 episcopus
622 4371 706 4427 debet
724 4371 834 4426 Scholio
853 4373 889 4427 ad
907 4373 985 4426 Hom.
1005 4372 1055 4427 Od.
1075 4377 1091 4439 ξ
1110 4373 1152 4427 14.
