3000 5040
810 236 874 304 236

257 394 313 464 ἐπὶ
337 396 372 462 δὲ
395 402 526 481 γενικῆς

513 509 584 569 τῶν
607 500 668 571 δύο
691 500 843 591 μοιράων

257 607 312 675 ἰπὶ
336 609 372 676 δὲ
396 608 579 698 αἰτιατικῆς

512 711 572 797 τὰς
595 715 655 785 δύο
677 721 832 805 χαλκείας

260 822 317 891 ἐπὶ
340 823 377 890 δὲ
400 830 555 913 κλητικῆς
577 818 656 892 κατ’
680 823 814 895 ἔκτασιν

517 933 612 998 δεῦτε
636 930 706 1000 δύω
729 957 786 1020 μοι
810 931 943 1003 ἕπεσθε.

819 1154 857 1216 Ε.

346 1308 420 1374 373.
451 1308 623 1376 Eustath.
648 1333 677 1395 p.
699 1311 793 1387 1600,
812 1311 841 1376 5.
873 1310 1002 1397 λέγεται
1025 1309 1063 1378 δέ
1083 1333 1167 1377 ποτε
1191 1306 1350 1399 ἐγγύηῑ)
1373 1310 1432 1376 καὶ

258 1411 365 1501 γάμου
388 1407 578 1503 ἀπογραφὴ,
601 1410 648 1496 ὡς
671 1415 708 1483 ἐν
730 1415 929 1506 ῥητορικῷ
953 1409 1087 1506 εἴρηται
1110 1423 1263 1504 λεξικῷ.

345 1522 419 1588 374.
450 1523 625 1590 Eustath.
649 1547 678 1609 p.
704 1526 799 1603 1053,
817 1527 869 1591 61.
901 1527 1096 1613 προείρηται
1123 1525 1160 1592 δὲ
1185 1526 1244 1591 καὶ
1266 1526 1349 1611 περὶ
1369 1549 1429 1610 μο-

219 1653 244 1692 10
256 1625 424 1715 γοοτόκσυ
447 1629 654 1712 Εἰλειθυίας,
682 1621 734 1718 ἧς,
762 1622 878 1699 ὅτιτὸ
902 1625 994 1719 ἱερὸν
1022 1630 1257 1700 Εἰλείθυιαν
1285 1631 1429 1720 λέγεται,

257 1734 295 1802 ἐν
317 1733 515 1823 ῥητορικῷ
539 1729 674 1825 εὕρηται
697 1744 847 1826 λεξικῴ.

346 1844 420 1909 375.
448 1844 621 1911 Eustath.
640 1869 669 1930 p.
689 1846 765 1924 295,
783 1848 835 1913 30.
864 1845 975 1913 ἰστέον
995 1846 1031 1912 δὲ
1050 1837 1103 1913 ὅτι
1120 1838 1161 1913 τὸ
1180 1838 1339 1934 θηλυκὸν
1356 1854 1430 1913 τῶν

257 1947 436 2036 ῥηθέντων
458 1947 624 2018 Εἱλώτων
649 1950 682 2018 αί
701 1949 952 2042 Είλιότιδεςῑ)
971 1946 1018 2032 ὡς
1036 1952 1077 2020 ἰν
1096 1949 1296 2041 ῥητορικῷ
1315 1944 1430 2042 εὕρη-

258 2080 322 2122 ται
345 2062 497 2144 λεξικῴ.
540 2058 577 2124 ἐν
600 2049 629 2146 a}
652 2062 719 2141 καὶ,
743 2051 796 2126 ὅτι
819 2053 933 2147 ὥσπερ
956 2059 1104 2139 Είλωτες
1127 2059 1165 2126 ἐν
1187 2061 1431 2147 Λακεδαίμονι,

221 2186 246 2226 1⁵
261 2155 352 2230 οὕτω
379 2165 610 2252 Πενέσται’)
638 2168 699 2252 μὲν
726 2160 818 2253 παρὰ
848 2171 1026 2246 Θετταλοῖς
1054 2165 1088 2234 οἱ
1117 2159 1162 2255 μὴ
1189 2163 1280 2255 γόνῳ
1310 2170 1431 2236 δοῦλοι

303 2326 363 2382 373.
384 2327 514 2382 Fortasse
532 2327 674 2383 simillima
692 2327 750 2395 illa,
770 2344 840 2398 quae
859 2346 903 2398 ap.
919 2329 996 2384 Eust.
1016 2346 1043 2398 p.
1062 2330 1124 2398 920,
1142 2329 1185 2384 31.
1206 2328 1285 2397 1344,
1305 2329 1351 2385 21.
1370 2335 1431 2384 tra·

261 2416 370 2478 duntur,
390 2433 423 2471 ex
443 2418 540 2471 eodem
556 2416 633 2472 fonte
651 2416 798 2483 fluxerunt,
818 2434 899 2487 quem
917 2418 1120 2475 Pausaniam
1135 2433 1196 2473 esse
1208 2420 1284 2488 puto,
1304 2417 1341 2473 ei.
1354 2417 1430 2472 Prol.

257 2523 283 2574 p.
304 2506 346 2561 39.

348 2595 367 2664 ¹)
387 2596 468 2651 Gonu.
482 2596 547 2651 Hes.
568 2591 669 2667 ἐγγύη·
689 2592 783 2666 γάμου
802 2592 964 2667 ἀπογραφὴ.
989 2599 1039 2652 καὶ
1058 2603 1177 2666 σημεῖον
1196 2592 1228 2651 ἐν
1246 2597 1362 2666 θυτικῇ.
1387 2595 1431 2652 cf.

257 2685 326 2739 Poll.
345 2685 396 2739 III.
414 2686 457 2739 34.
477 2685 522 2740 Et.
541 2686 580 2739 M.
598 2686 660 2754 309,
681 2688 722 2740 18.
743 2685 813 2741 Gud.
833 2688 893 2752 157,
908 2687 952 2742 23.
970 2717 1006 2726 -
1024 2687 1155 2742 Fortasse
1174 2684 1260 2740 etiam
1278 2700 1314 2741 aa
1332 2685 1430 2752 rerba,

259 2790 329 2842 quae
353 2773 426 2829 Suid.
450 2775 519 2829 Lex.
543 2775 656 2830 Baohm.
682 2775 725 2829 Et.
746 2776 784 2830 M.
803 2791 839 2830 ex
868 2775 918 2831 illa
941 2791 1008 2831 soce
1031 2775 1158 2831 derivata
1179 2775 1350 2842 attulerunt,
1373 2775 1431 2830 huo

260 2862 407 2919 referenda
425 2869 497 2918 sunt.

303 2953 363 3007 375.
386 2954 405 3020 1)
425 2953 507 3008 Conv.
527 2951 602 3007 Suid.

347 3042 368 3109 ²)
387 3041 537 3111 Sequentia
560 3042 652 3096 omnia
676 3041 835 3111 episcopum
863 3059 898 3097 ex
925 3041 1041 3112 singulis
1068 3042 1154 3099 lexioi
1180 3043 1251 3100 loois
1280 3042 1430 3114 collegisse

258 3135 338 3200 puto,
361 3136 393 3186 ut
416 3148 450 3186 ex
473 3147 549 3186 more
569 3131 629 3186 eius
648 3136 698 3186 est.
717 3162 753 3171 -
772 3128 914 3186 Πενίσιαι
933 3131 968 3187 of.
987 3132 1066 3188 Phot.
1085 3132 1159 3189 suo.
1178 3133 1238 3200 (ubi
1255 3132 1334 3199 ride,
1357 3149 1430 3203 quae

258 3220 307 3275 sub
322 3219 404 3276 finem
417 3221 611 3289 adiunxerint).
630 3220 759 3276 Eustath.
771 3221 847 3287 1090,
858 3222 900 3276 50.
915 3222 981 3278 Hes.
991 3220 1060 3277 Poll.
1074 3221 1123 3277 111.
1136 3222 1179 3278 83.
1192 3223 1259 3278 Ath.
1272 3222 1321 3278 VI.
1334 3223 1430 3279 264A.

258 3340 291 3350 -
312 3304 489 3380 Κιλλικύριοι
511 3312 549 3364 ad
571 3309 755 3380 Syracusanos
778 3308 919 3365 referendi
942 3316 1018 3378 sunt,
1043 3310 1078 3366 ef.
1097 3311 1178 3366 Phot.
1197 3327 1218 3366 ι.
1239 3328 1264 3367 v.
1285 3307 1431 3368 Καλλικύ-

259 3416 314 3468 ριοι
332 3398 377 3465 (of.
391 3399 465 3453 Suid.
479 3399 582 3454 Zenob.
596 3398 643 3453 IV.
656 3399 699 3454 54.
718 3399 834 3454 Aristot.
852 3398 949 3468 fragm.
970 3400 1012 3454 ed.
1027 3399 1088 3455 Val.
1107 3400 1179 3456 Rosa
1197 3417 1224 3469 p.
1244 3401 1317 3467 360.)
1335 3400 1430 3457 Locum

258 3491 352 3543 noster
370 3491 514 3557 comuptus
528 3494 584 3560 est,
604 3488 639 3543 of.
654 3487 792 3543 Ruhnken
811 3488 855 3543 ad.
870 3488 941 3543 Tim.
960 3506 987 3558 p.
1001 3489 1062 3544 214.
1082 3488 1129 3558 qui
1148 3489 1183 3545 (le
1202 3489 1350 3546 verborum
1367 3495 1428 3546 tra-

257 3577 377 3632 iectione
388 3577 457 3632 satis
468 3578 532 3647 egit.
556 3577 612 3633 Sub
626 3571 745 3647 υἰρότται
758 3577 817 3646 (qui
830 3577 901 3632 alias
915 3594 1049 3647 nusquam
1063 3577 1250 3647 inveniuntur)
1265 3579 1430 3636 Aristotelis

258 3683 357 3722 nomen
376 3667 464 3723 latere
483 3673 558 3738 puto.
571 3697 607 3706 -
620 3667 816 3737 Μαριανδυνοί
834 3667 868 3722 ef.
883 3667 948 3722 Ath.
962 3668 1009 3723 VI.
1023 3669 1075 3724 263
1082 3669 1115 3723 Ι).
1129 3668 1218 3723 Sahal.
1234 3669 1336 3725 Aesoh.
1349 3668 1429 3725 Pers.

257 3757 318 3812 917.
330 3757 409 3812 Phot.
423 3757 488 3812 Hes.
508 3756 641 3822 Schmidt,
660 3757 702 3810 De
722 3756 882 3812 Callistrato
900 3756 1105 3826 Aristophaneo
1123 3774 1150 3827 p.
1163 3758 1207 3822 25,
1220 3761 1276 3812 not.
1291 3758 1335 3814 63.
1354 3758 1430 3815 liab.

257 3845 339 3900 Proll.
352 3864 379 3916 p.
392 3847 435 3902 81.
451 3877 486 3886 -
505 3846 576 3901 Τρία
595 3845 720 3900 doctrina
740 3846 787 3916 (an
805 3845 1013 3914 Aristotelical)
1032 3846 1151 3901 recurrit
1169 3847 1198 3901 iu
1216 3845 1262 3902 Et
1280 3845 1352 3902 ouo.
1366 3848 1431 3916 165,

258 3935 300 3988 53.
326 3929 448 3999 εἵλωτες.
469 3966 501 3974 -
523 3932 550 3990 οὶ
574 3929 654 3990 αὐτοὶ
677 3932 709 3989 δὲ
728 3931 806 4005 παρὰ
821 3933 976 4004 Ἀθηναίοις
995 3938 1083 4005 θῆτες
1101 3933 1247 4006 λέγονται,
1271 3931 1352 4008 παρὰ
1371 3930 1431 4008 Ἀρ·

258 4023 345 4093 γείοις
372 4027 523 4095 γυμνῆτες,
552 4021 630 4095 παρὰ
662 4026 819 4090 Θεσσαλοῖς
847 4022 961 4080 πενίται
984 4026 1011 4092 (l.
1036 4023 1196 4092 πενέσται),
1225 4021 1305 4095 παρὰ
1334 4026 1433 4097 Κρησὶ

259 4108 379 4167 πελάται
397 4116 430 4184 (l)
450 4109 527 4183 παρὰ
545 4115 757 4184 ῒΣικορονίοις
775 4110 963 4186 κορυφάνιροι
982 4111 1060 4186 παρὰ
1079 4111 1110 4169 δὲ
1123 4115 1318 4186 Συρακοσίοις
1336 4115 1432 4169 καλλί-

259 4218 351 4270 καροι.
376 4203 451 4272 Quae
471 4203 564 4258 omnia
582 4205 682 4259 misere
702 4208 832 4274 corrupta
850 4208 921 4263 sunt.
946 4199 1067 4259 πελάται
1086 4204 1160 4259 enim
1178 4220 1233 4259 non
1251 4204 1432 4261 Cretensium

259 4288 383 4360 fuerunt,
403 4292 452 4346 sed
472 4308 523 4347 vox
542 4293 664 4361 undique
684 4294 808 4362 cognita,
828 4292 863 4349 of.
883 4293 952 4348 Tim.
972 4294 1026 4349 lex.
1046 4294 1118 4349 Plat.
1137 4309 1158 4350 s.
1178 4310 1202 4350 v.
1231 4293 1286 4363 Qui
1304 4293 1361 4349 sint
1378 4294 1431 4348 Σι-

259 4372 386 4447 κορόνιοι
405 4383 434 4434 et
447 4376 652 4451 Κορυφάνιροι,
670 4397 818 4450 cognosces
837 4398 872 4439 ex
891 4383 985 4454 steph.
998 4384 1064 4456 Byr.
1076 4399 1104 4454 p.
1118 4383 1179 4451 964,
1193 4384 1220 4443 3.
1239 4372 1320 4440 οὗτοι
1338 4384 1386 4455 (so.
1401 4378 1432 4438 σί
