3000 5040
719 251 783 317 257

165 418 307 481 λοῦνται
323 403 416 498 παρὰ
434 402 475 478 τὸ
500 417 670 497 σειριᾶν,
694 401 714 477 6
733 409 824 477 ἐστιν
842 401 1055 496 άστράπτειν.
1079 399 1176 492 ὅθεν,
1198 413 1333 498 φησὶν,

164 519 247 599 ἴσως
269 521 324 586 καὶ
348 521 467 604 τείρεα.
493 509 546 584 ὅτι
570 519 606 585 δὲ
630 524 757 605 σειριᾶν
779 509 820 583 τὸ
844 512 998 602 λάμπειν,
1022 518 1120 604 δηλοῖ
1139 519 1195 583 καὶ
1219 510 1334 584 ὃΣεί-

164 650 247 713 ριος,
270 625 308 692 έκ
329 635 392 693 τοῦ
413 622 574 692 τοιούτου
598 621 743 712 ῥήματος
765 619 920 709 γεγονώς.
954 620 1089 709 έτερος
1113 624 1155 690 δέ
1177 648 1236 703 τις
1258 622 1333 712 γρά-

164 758 232 818 φει,
255 725 309 800 ὅτι
332 730 517 819 σειράζει·
542 724 616 798 uiuri
641 740 704 798 τοῦ
727 731 862 818 στρέφει
880 732 937 796 καὶ
959 723 1154 817 άστράπτει,
1176 728 1332 799 τινάσσει.

164 842 224 907 καὶ
246 842 425 930 σειριᾷ’)·
449 841 654 925 φλεγμαίνει,
676 846 849 926 καροῦται.
1360 866 1373 906 ε

254 949 328 1015 431.
365 948 537 1013 Eustath.
560 970 591 1031 p.
617 947 716 1024 1908,
738 948 791 1011 40.
828 944 941 1011 ἰστέον
969 944 1005 1010 δὲ
1032 935 1086 1011 ὅτι
1114 945 1264 1034 σέλαςῑ)
1292 939 1335 1012 σά

162 1051 272 1140 μόνον
299 1046 421 1140 πυρὸς,
450 1045 534 1120 άλλά
561 1055 617 1118 καὶ
644 1046 758 1141 ἡλίου,
787 1042 871 1118 ὅθεν
898 1042 990 1138 παρά
1013 1055 1189 1134 Σοφοκλεῖ
1211 1045 1232 1140 ἦ
1256 1045 1334 1141 ὅπη,

164 1155 213 1240 (ὃς
231 1159 271 1226 έν
290 1158 489 1249 ῥητορικῷ
508 1151 671 1247 εὕρηται
693 1164 851 1244 λεξικιῆ,
874 1150 965 1245 παρά
983 1150 1023 1225 τὸ
1044 1159 1141 1237 σέλας
1159 1161 1263 1242 φασὶν
1282 1160 1334 1246 έμ-

163 1264 320 1350 βιβάζειν.

253 1377 328 1441 432.
361 1375 534 1441 Eustath.
557 1398 587 1459 p.
611 1375 691 1452 952,
715 1375 744 1438 9.
780 1369 894 1441 πόθεν
923 1373 958 1439 δὲ
986 1367 1025 1440 τὸ
1055 1379 1247 1456 σκυλεῦσαι,
1279 1376 1374 1463 ‹lp-ra

131 1552 134 1556 ,
165 1487 283 1548 λοῦται
314 1472 406 1567 παρά
433 1494 504 1560 τοῖς
531 1486 701 1562 παλαιοῖς,
733 1472 822 1546 ὅπου
855 1472 1025 1567 ἀδέψητον
1056 1481 1157 1568 βοέην
1184 1483 1285 1568 φησὶν
1312 1474 1333 1570 ἡ

165 1591 312 1675 ποίησις,
340 1584 457 1669 ένθεν,
485 1580 531 1666 ὡς
555 1587 591 1653 έν
616 1581 772 1673 ὀλιγίστῳ
796 1588 918 1668 εἰπεῖν,
946 1592 1143 1674 σκῦλονῑ)
1167 1581 1206 1654 τά
1231 1589 1334 1676 δέρμα

165 1695 305 1780 λέγεται,
328 1687 391 1778 ἄρ’
410 1685 452 1762 οὗ
474 1695 554 1772 ἰ’σοος
572 1698 628 1760 καὶ
653 1693 909 1780 σκολεάεινβ)
935 1696 1059 1780 κυρίοος
1076 1688 1117 1761 τὸ
1137 1695 1174 1760 ἐν
1196 1696 1334 1825 πολέμηο

165 1799 289 1888 βύρσας
312 1794 382 1892 [6²
369 1820 437 1868 εστι
459 1805 572 1883 βοείας
594 1795 750 1886 άσπίδας]
775 1797 970 1886 λαμβάνειν,
994 1801 1030 1883 ἐξ
1052 1791 1093 1868 οὗ
1117 1796 1162 1880 ὡς
1189 1794 1257 1869 άπὸ
1280 1802 1334 1888 μέ-

166 1932 247 1995 ρους
273 1912 331 1974 καὶ
357 1908 413 1975 ἐπὶ
439 1906 548 1996 πάσης
574 1913 756 1996 πολεμικῆς
784 1915 903 1996 σκευῆς
930 1901 970 1975 τὸ
1000 1905 1175 2036 σκυλεύειν
1203 1909 1258 1976 έλέ
1256 1917 1334 1997 χθη,
1349 1936 1374 1976 ιι

168 2005 328 2103 [οὗπερ“
311 2043 332 2104 η
356 2008 518 2102 άναλογία
540 2008 626 2081 κατά
649 2010 689 2081 τὸ
713 2012 816 2097 ξύλον
839 2011 983 2097 ξυλεύω,
1007 2007 1070 2099 άφ
1094 2004 1135 2082 οὗ
1158 2019 1216 2082 καὶ
1237 2043 1258 2104 η
1282 2024 1334 2099 ξυ-

165 2116 305 2204 λεία,
281 2147 328 2202 ως
355 2117 491 2211 δηλοῖ(
475 2148 495 2189 ο
523 2119 675 2208 γράψας
702 2115 741 2188 τὸ
768 2118 998 2243 ,πεντῆκρντα
1025 2125 1158 2190 πλοίων
1180 2146 1334 2212 πεντηρι-

168 2236 241 2295 κεῦν
260 2224 407 2358 ξρλείαῖ]
433 2232 529 2296 δοκεῖ
546 2231 580 2295 δὲ
599 2221 814 2295 Αίολικὸνῖ
783 2237 868 2294 εἰναι
891 2221 930 2295 τά
952 2235 1087 2311 σκῦλον,
1111 2225 1157 2308 ὡς
1180 2234 1335 2314 φαίνεται

167 2328 244 2402 άπὸ
272 2333 487 2424 ῥητορικοῦ
514 2341 689 2418 λεξικοῦ,
724 2335 760 2402 έν
792 2337 821 2422 qi
855 2350 962 2402 κεῖται
994 2338 1050 2401 καὶ
1079 2329 1131 2402 ὅτι
1159 2330 1335 2404 άποσκο-

165 2438 383 2532 λύιιτεινθ)Ι
408 2436 447 2510 τὸ
467 2436 623 2529 άφαιρεῖν
645 2435 686 2509 τὸ
712 2443 824 2528 δέρμα,
849 2434 935 2511 ὅθεν
962 2446 1019 2508 καὶ
1043 2439 1216 2509 σκυλεύειν
1237 2468 1334 2529 μετα·
1349 2472 1376 2511 ao

168 2557 327 2635 φορικοῦς.
361 2550 406 2616 cf.
425 2574 455 2635 p.
477 2553 572 2629 1710,
597 2553 646 2616 17.
680 2541 733 2617 ὅτι
757 2550 793 2617 δέ
822 2556 969 2616 σκῦλον
996 2552 1053 2615 καὶ
1080 2543 1119 2616 τὸ
1149 2551 1252 2635 δέρμα
1279 2553 1336 2616 καὶ

166 2656 206 2721 έν
232 2668 302 2734 τοῖς
331 2656 376 2734 είς
404 2649 523 2722 Ἰλιάδα
552 2655 750 2744 δεδήλωται·
789 2649 851 2740 ἄρ’
874 2647 915 2722 οὗ
943 2659 1000 2721 καὶ
1026 2650 1066 2723 τὸ
1096 2653 1336 2723 σκολῦπτειν

166 2766 250 2847 φασί
272 2787 379 2842 τινες
405 2767 569 2850 γίνεσθαι.
611 2757 651 2831 τὸ
681 2765 718 2830 δέ
744 2764 836 2830 ἐστιν
864 2764 919 2829 έπὶ
945 2771 1138 2851 περιτομῆς,
1167 2756 1252 2831 ὅθεν
1279 2767 1337 2830 καὶ

166 2864 513 2959 άπεσκολύφθαι4)
543 2872 673 2938 αἰδοῖον
701 2872 829 2957 λέγεται
857 2874 912 2936 καὶ
938 2865 1289 2956 άπεσκολυμμένος
1317 2865 1336 2937 6

168 2984 272 3044 τοῦτο
296 2974 432 3045 παθών.
1350 3001 1377 3043 aa

259 3087 334 3152 433,
371 3086 546 3152 Eustath.
568 3109 598 3169 p.
621 3087 701 3162 416,
724 3087 776 3151 38.
813 3078 881 3150 άπὸ
916 3085 952 3151 δὲ
979 3092 1042 3151 τοῦ
1070 3087 1254 3172 σκαίρειν
1281 3087 1338 3151 καὶ

257 3319 279 3386 9)
298 3318 380 3372 Gonu.
402 3318 465 3372 Hes.

212 3407 273 3461 431.
310 3409 333 3473 1)
352 3407 391 3461 cf.
411 3406 588 3470 Herwerden‚
610 3405 672 3460 Obs.
690 3406 750 3460 crit.
765 3423 792 3475 p.
807 3407 859 3472 30,
878 3407 924 3474 qui
943 3407 1032 3462 locum
1047 3415 1168 3463 nostrum
1183 3407 1338 3478 temptavit.

166 3494 210 3550 Cf.
229 3495 307 3550 Phot.
328 3501 371 3562 (=
387 3496 461 3550 Suid.
482 3496 549 3549 Lerr.
569 3497 682 3550 Baehm.
701 3513 727 3564 p.
747 3496 845 3564 3635).
883 3496 949 3550 Hes.
968 3513 989 3551 ε,
1009 3514 1033 3551 v.
1054 3495 1139 3562 σέλας
1157 3493 1253 3568 πυρός.

213 3586 273 3640 439.
302 3585 452 3653 Utrumque
476 3586 566 3639 locum
585 3585 621 3639 ad
640 3585 778 3639 atticistas
797 3585 902 3652 redire,
926 3586 1044 3654 ideoque
1064 3586 1149 3640 etiam
1168 3590 1274 3641 σκῦλον
1293 3603 1338 3642 vo-

167 3689 229 3729 cem
254 3673 376 3728 eiusdem
400 3674 515 3742 originis
534 3690 595 3727 esse
614 3674 660 3727 vix
685 3675 836 3742 negaveris.
876 3676 942 3729 Cum
966 3675 1084 3729 alterum
1106 3676 1195 3730 locum
1219 3676 1252 3730 fr.
1271 3677 1340 3732 2512

168 3767 312 3831 sequatur,
331 3765 367 3817 ad
380 3763 512 3817 Aelium
532 3763 730 3832 Dionysium
749 3764 913 3818 rettulerim.

258 3854 279 3917 1)
299 3852 380 3906 Conv.
396 3853 474 3906 Phot.
490 3852 565 3907 Suid.
582 3853 647 3906 Hes.
663 3852 703 3906 Cf.
718 3853 783 3906 Lex.
801 3855 914 3907 Bachm.
929 3870 956 3921 p.
967 3854 1028 3917 366,
1044 3854 1086 3907 99.
1105 3853 1150 3906 Et.
1166 3855 1203 3907 M.
1220 3855 1280 3921 790,
1297 3857 1338 3909 13.

260 3941 280 4008 9)
298 3941 457 4010 Explicatio
481 3958 615 4010 nusquam
644 3942 674 3995 in
698 3942 797 3996 lexicis
820 3942 902 3996 redit.
941 3941 1008 3995 Cum
1032 3943 1216 4012 etymologum
1239 3945 1338 4012 sapiat,

167 4028 301 4084 atticistis
320 4047 374 4084 non
393 4032 598 4086 attribuendam
619 4047 678 4085 esee
698 4039 773 4100 puto.

258 4117 281 4188 8)
299 4119 384 4174 Redit
402 4137 445 4189 ap.
464 4122 508 4175 ut.
529 4122 567 4174 M.
584 4122 647 4185 195,
663 4122 705 4174 41.
735 4122 766 4175 Β,
781 4122 814 4173 A.
829 4121 894 4186 493,
910 4121 933 4172 1.
962 4120 1027 4173 Hes.
1048 4135 1069 4173 ε.
1085 4136 1108 4173 v.
1128 4113 1338 4174 άπεσκάλυπτε.

258 4210 281 4276 4)
300 4210 424 4264 Alteram
448 4209 678 4277 significationem
703 4217 796 4265 servat
818 4210 863 4262 Et.
882 4209 919 4262 M.
941 4209 1004 4275 190,
1028 4209 1071 4264 95.
1100 4210 1166 4264 Ηοε.
1186 4225 1207 4263 s.
1227 4226 1251 4263 v.
1270 4205 1340 4264 ἀπο-

172 4293 324 4352 σκάλνπτε.
353 4299 383 4352 Β.
402 4301 436 4353 A.
456 4300 517 4366 493,
537 4300 562 4351 1.
581 4300 641 4364 435,
661 4300 704 4352 95.
732 4299 814 4366 Soph.
834 4298 867 4352 lr.
886 4297 947 4352 390.
966 4297 1072 4351 Nauck.

216 4387 277 4441 433.
305 4388 410 4442 Eadem
430 4388 557 4442 doctrina
576 4405 590 4441 e
610 4393 760 4441 veterum
780 4386 889 4441 scriniis
909 4387 1071 4456 deprompta
1089 4405 1116 4457 p.
1136 4389 1197 4455 947,
1218 4388 1259 4444 14.

1094 4479 1127 4531 17
