3000 5040
733 166 753 229 6

160 323 352 409 απτομὲνην
380 319 590 403 ἐξισάζισθαι
617 332 665 410 τῷ
692 332 750 412 τῆς
772 332 900 412 γραφῆς
923 319 1022 410 ὄγκῳ,
1061 323 1089 389 εἰ
1114 322 1150 388 de'
1172 348 1222 400 τις
1247 322 1335 389 ἐκεί-

159 455 232 508 ναις
254 443 326 507 ταῖς
349 431 445 495 δυσὶν
470 427 642 496 sadducum
665 433 721 496 καὶ
744 423 806 518 τὴν
825 433 1022 497 Παυσανίου
1046 426 1271 515 ἐγκαιατάξας
1296 429 1336 496 ἓν

160 532 382 622 ἀπεργάσαιτο
412 533 581 621 σύνταγμα
609 535 749 627 (ῥᾷστον
773 539 808 603 δὲ
832 546 881 625 τῷ
904 538 1129 623 βουλομένῳ),
1158 527 1259 614 οὗτος
1290 530 1336 602 ἂν

160 644 211 731 εἴη
233 637 273 709 τὸ
297 640 476 710 κάλλιστον
504 647 560 709 καὶ
585 642 838 732 χρησιμώτατον
866 658 936 723 τοῖς
960 637 1247 730 ἀναγιγνώσκουσι
1272 637 1336 722 τὰς

156 744 302 828 Ἀττικὰς
324 752 459 831 βίβλους
483 749 679 839 σπούδασμα
703 752 977 839 εἰσενηνεγμένος.

247 860 415 924 Praeterea
437 861 518 924 nihil
541 863 580 925 de
603 863 816 926 atticistarum
838 861 904 924 vita
928 865 1059 926 constat.
1106 860 1255 925 Fortasse
1280 880 1334 943 ap.

159 967 302 1033 Suidam:
321 962 495 1045 Διονύσιος
509 960 725 1053 Ἀλεξάνδρου
740 957 1019 1053 Ἁλικαρνασσεὺς,
1038 963 1149 1052 ῥήτωρ
1169 967 1225 1031 καὶ
1243 990 1334 1031 ιιαν-

158 1075 259 1152 τοίως
282 1070 402 1159 λόγιος.
434 1070 549 1161 γέγονε
574 1075 610 1140 δὲ
634 1074 690 1140 ἐπὶ
713 1076 881 1159 Καίσαρος
903 1081 966 1138 τοῦ
989 1077 1172 1154 Σεβαστοῦ.
1206 1069 1334 1158 πρόγο-

159 1204 217 1259 νος
227 1184 253 1268 1)
286 1190 348 1248 τοῦ
386 1181 440 1247 ἐπὶ
472 1174 645 1267 Ἀδριανοῦ
679 1176 860 1267 γεγονότος
891 1175 1101 1246 ἅττικιστοῦ.·
1142 1181 1256 1244 ultima
1288 1182 1335 1246 ad

159 1289 284 1354 Aelium
311 1290 496 1372 Dionysium
522 1288 687 1354 referenda
714 1293 799 1354 sunt:
847 1288 1007 1354 dubitatio
1039 1293 1146 1353 autem
1176 1290 1334 1364 moretur,

160 1417 201 1460 au
224 1397 257 1460 id
276 1401 361 1460 recte
380 1394 445 1471 fiat,
469 1417 539 1459 cum
557 1395 662 1478 glossa
680 1397 859 1478 insequenti
878 1397 917 1460 de
936 1400 1042 1461 aetate
1062 1402 1094 1460 et
1113 1394 1234 1477 origine
1252 1394 1334 1458 Dio-

158 1503 241 1586 nysii
264 1501 432 1586 musici2)
454 1501 548 1585 plane
573 1503 685 1566 eadem
702 1503 878 1568 tradantur.
917 1503 965 1568 De
984 1502 1142 1567 Pausania
1151 1501 1178 1586 ³)
1202 1503 1334 1567 omnino

159 1608 239 1673 nihil
275 1608 444 1674 memoriae
480 1608 629 1673 traditur.
688 1608 767 1674 Cum
803 1610 843 1675 de
880 1610 1091 1675 atticistamm
1128 1609 1194 1673 vita
1229 1608 1334 1673 ltind-

159 1714 316 1781 fleischius
338 1716 402 1780 iam
425 1715 502 1781 satis
525 1719 670 1781 accurate
693 1740 723 1800 p.
745 1717 794 1782 10.
814 1739 880 1802 sqq.
900 1718 1010 1800 egerit,
1032 1718 1073 1781 ad
1097 1715 1182 1780 illius
1201 1735 1334 1798 operam

159 1822 213 1906 qui
236 1821 276 1887 de
298 1821 365 1886 vita
386 1827 551 1888 auctorum
573 1823 666 1906 plura
683 1844 872 1908 cognoscere
893 1825 1000 1900 velint,
1023 1823 1138 1906 relego.
1175 1822 1333 1886 Idunum

159 1928 349 1993 monendum
372 1934 429 2006 est,
452 1929 605 1994 Meierum
626 1935 712 1996 recte
736 1953 774 1996 ex
793 1931 882 1996 Aelio
905 1932 1108 2015 praenomine
1132 1929 1333 2007 conclusisse,

158 2036 318 2100 hominem
337 2036 463 2101 doctum
481 2037 522 2102 ab
541 2037 706 2103 Hadriano
726 2039 853 2104 civitate
868 2040 1011 2103 Romana
1030 2038 1241 2103 condonatum
1262 2058 1333 2102 esse

160 2147 193 2208 et
216 2141 406 2230 (lobetum4)
430 2163 487 2208 suo
510 2144 578 2208 iure
602 2146 814 2223 contendisse,
837 2145 963 2210 Aelium
986 2145 1173 2228 Dionysium
1195 2144 1334 2208 multum

160 2249 311 2332 temporis
329 2250 363 2315 in
381 2249 458 2315 Asia
477 2251 597 2318 minore
615 2253 768 2319 mansisse
786 2252 894 2335 ibique
912 2251 1021 2318 formis
1040 2251 1158 2317 (laricis
1167 2250 1195 2334 6)
1215 2255 1247 2315 et
1265 2250 1332 2335 Ly-

159 2356 215 2421 ciis
239 2354 367 2440 operam
390 2357 523 2424 dedisse.

248 2462 299 2528 Ad
340 2464 444 2530 locum
484 2465 573 2530 illum
615 2488 654 2531 ex
689 2466 796 2532 Photii
832 2465 1021 2550 myriobiblo
1058 2465 1195 2549 petitum
1235 2465 1332 2530 rede·

159 2593 256 2636 amus.
293 2571 440 2637 (iudicem
458 2572 557 2656 igitur
579 2573 723 2638 manibus
748 2576 885 2639 versavit
907 2573 1150 2649 miscellaneam,
1173 2571 1228 2655 qui
1251 2571 1331 2637 lexi-

159 2699 196 2743 ca
218 2679 353 2755 Timaei,
376 2679 459 2744 Aelii
481 2680 638 2764 Dionysii,
661 2681 850 2757 Pausaniae,
872 2679 1001 2756 Boethi,
1029 2680 1142 2744 incerti
1166 2680 1332 2745 cuiusdam

159 2784 264 2865 λέξεις
282 2777 513 2863 Πλατανικάς,
536 2787 699 2864 Dorothei,
722 2788 874 2854 Moeridis
898 2785 1331 2874 (cod.153-157)opellas

159 2893 322 2958 continuit.
369 2894 420 2956 An
446 2894 549 2958 altera
572 2893 656 2959 Aelii
683 2895 828 2980 Dionysii
854 2894 995 2960 recensio
1023 2894 1126 2958 eidem
1152 2892 1253 2958 codici
1280 2895 1330 2959 in-

159 2998 265 3074 fuerit,
289 2998 421 3064 dubium
445 3005 500 3066 est.
538 3000 606 3078 Quo
627 3024 665 3066 ex
688 3003 795 3067 codiee
818 3002 941 3069 lexicon
960 3001 1151 3068 Photianum
1174 3000 1329 3085 congluti-

158 3112 268 3172 natum
292 3128 360 3171 esse
384 3106 502 3171 dudum
522 3113 646 3173 constat
656 3107 692 3195 6).

249 3251 268 3317 ¹)
287 3249 440 3317 Utrumque
453 3249 616 3319 Dionysium
629 3249 714 3304 etiam
729 3248 800 3304 alias
819 3249 872 3305 sihi
893 3249 1047 3319 oppositum
1066 3249 1153 3304 fuisse
1173 3251 1252 3306 docet
1264 3257 1330 3306 nota

159 3340 195 3393 ad
213 3339 294 3393 Dion.
313 3343 363 3393 art.
383 3339 425 3392 rh.
446 3355 506 3407 cap.
522 3339 548 3392 X
566 3340 653 3393 τοῦτο
671 3334 705 3393 τὸ
724 3333 897 3410 μονόβιβλον
917 3332 994 3406 οἶμαι
1014 3332 1162 3403 Διονύσιος
1180 3333 1330 3410 dishnaup-

159 3421 281 3490 νασσεὺς
300 3423 454 3492 συνέταξεν
473 3420 488 3481 b
508 3418 691 3498 πρότερος.
717 3444 752 3482 ex
771 3428 830 3482 cod.
849 3430 911 3482 Par.
930 3431 1033 3493 tracta,
1053 3443 1134 3495 quam
1153 3428 1273 3496 Usener,
1293 3431 1328 3483 de

158 3516 238 3570 Dion.
258 3516 320 3569 Hal.
340 3515 403 3569 libr.
424 3516 458 3570 de
477 3516 523 3570 im.
542 3516 603 3570 rell.
623 3532 649 3584 p.
671 3517 695 3570 4.
715 3518 812 3584 (Bonn.
832 3517 911 3584 1889)
930 3516 1035 3585 publici
1053 3517 1122 3571 iuris
1142 3516 1217 3572 feeit.

249 3605 269 3674 Ξ)
294 3604 393 3658 Christ.
418 3604 570 3673 Littgesch.
595 3622 622 3674 p.
647 3605 698 3660 562
728 3607 845 3659 eundem
868 3609 951 3674 atque
979 3605 1130 3661 atticistam
1155 3622 1215 3661 csse
1239 3612 1328 3676 putat.

158 3692 278 3761 Negavit
296 3693 387 3746 Meier
405 3691 456 3761 Op.
475 3693 510 3746 II.
532 3695 565 3748 63
585 3710 625 3761 sq.
655 3694 711 3748 Res
730 3709 819 3762 neque
839 3694 1023 3748 demonstrari
1042 3710 1094 3750 nec
1113 3696 1209 3764 negari
1228 3699 1328 3766 potest.

248 3780 269 3847 ³)
289 3780 322 3835 cf.
342 3781 413 3836 Nab.
432 3781 514 3836 Proll.
534 3799 560 3851 p.
580 3783 623 3837 39.
696 3785 718 3849 ⁴)
737 3783 870 3837 Mnemos.
889 3783 923 3837 X.
943 3783 986 3838 52.

248 3869 269 3939 ⁵)
288 3870 379 3926 Praei.
398 3873 448 3925 καὶ
466 3867 498 3925 ἐν
518 3871 612 3945 Καρίᾳ
636 3864 711 3925 εἶναι’
734 3888 796 3926 τινα
810 3868 933 3940 Ἀττικὴν
956 3867 1062 3941 pavia
1081 3871 1115 3927 fr.
1135 3875 1195 3927 131.
1215 3873 1275 3926 222.
1293 3903 1329 3910 -

159 3960 289 4013 Fortasse
308 3959 407 4028 igitur,
431 3959 456 4014 si
474 3976 554 4015 voces
572 3959 676 4031 Lyciae
701 3964 729 4015 et
748 3959 862 4016 Carinae
887 3962 921 4015 ab
934 3961 1017 4019 Euat.
1037 3966 1066 4015 et
1085 3977 1103 4015 a
1121 3962 1200 4015 Phot.
1220 3960 1264 4013 vel
1284 3975 1327 4012 ce-

159 4047 227 4102 teris
247 4048 435 4118 explicantur,
456 4064 548 4103 eorum
568 4048 643 4117 origo
662 4048 833 4119 Dionysiana
851 4049 914 4105 fuit.
935 4049 970 4105 cf.
990 4066 1032 4104 ex.
1051 4066 1092 4118 gr.
1111 4065 1137 4117 p.
1158 4049 1218 4116 972,
1237 4048 1280 4102 38.
1300 4053 1328 4100 et

160 4137 238 4191 Phot.
257 4137 331 4192 Suid.
351 4138 416 4192 Hes.
435 4133 556 4206 (σιφλός)
576 4143 604 4191 et
623 4155 649 4207 p.
671 4139 748 4205 1141,
768 4140 809 4193 14.

249 4225 269 4291 ⁶)
288 4225 443 4294 Praecipua
460 4226 551 4294 operis
570 4227 734 4282 adiumenta
754 4226 866 4282 fuerunt
882 4227 936 4282 tria
948 4227 1023 4282 Aelii
1040 4225 1166 4298 Dionysii
1185 4229 1214 4279 et
1225 4226 1328 4280 Pausa-

159 4312 224 4370 niae
246 4313 350 4383 lexioa,
374 4319 469 4371 catera
491 4319 523 4370 ut
541 4314 650 4372 Timaei
668 4314 816 4383 Moeridis,
840 4332 909 4384 quae
928 4319 1073 4372 servantur
1095 4316 1186 4372 adhuc
1209 4315 1327 4386 integra,
