3000 5040
639 291 682 356 35

74 450 130 514 illa
152 449 315 516 afferenda
338 450 514 518 offendisse.
560 451 707 516 Formam
730 455 836 514 autem
858 444 1008 534 τιγόνιον
1032 449 1144 516 falsam
1167 471 1244 530 esse,

74 557 124 621 vel
137 557 212 621 inde
226 565 369 640 apparet,
390 559 475 641 quod
489 579 645 641 nusquam
659 556 794 622 recurrit
808 557 869 621 nisi
883 577 933 639 ap.
947 556 1022 621 Ath.
1036 556 1090 621 IV.
1107 556 1244 643 133B¹)‚

75 662 131 727 uhi
159 664 255 727 lectio
284 665 317 728 in
346 665 478 730 dubium
504 670 647 740 vocatur,
680 669 725 740 et,
758 664 843 745 quod
871 662 983 727 summi
1010 667 1059 728 est
1085 663 1246 739 momenti,

74 769 180 834 nullus
203 771 285 835 alius
307 771 491 836 Aristotelis
513 771 601 836 loeus
623 769 664 834 ab
688 769 846 853 Hesychia
873 771 907 834 in
928 774 1036 853 partes
1058 770 1165 834 vocari
1186 789 1244 853 po-

75 877 146 952 tuit,
170 897 265 960 quam
282 877 365 942 Hist.
385 877 478 943 anim.
497 877 534 944 V.
553 877 615 953 30.,
633 876 689 940 uhi
707 876 899 941 unanimiter
915 871 1099 960 τιτιγόνιον
1117 875 1244 959 legitur.

76 983 138 1047 Res
165 984 265 1067 igitur
291 983 460 1049 manifesta
487 988 548 1048 est:
581 985 665 1066 quod
694 982 767 1048 Hcs.
792 987 824 1047 et
846 982 937 1048 Phot.
957 982 1089 1047 eandem
1116 1003 1247 1066 corrup-

76 1090 172 1154 telam
198 1089 379 1174 proferunt,
408 1093 471 1155 iam
498 1089 560 1154 fuit
586 1092 620 1155 in
647 1089 734 1155 fonte
762 1088 932 1165 communi,
959 1090 979 1156 i.
1005 1109 1030 1152 e.
1053 1091 1139 1172 apud
1170 1091 1247 1154 atti-

76 1196 180 1261 cistas.
227 1197 328 1261 Immo
362 1218 451 1262 error
478 1196 612 1261 fortasse
640 1197 737 1260 etiam
764 1193 825 1260 luit
851 1194 1019 1272 vetustior,
1051 1195 1136 1278 quod
1162 1197 1247 1279 apud

77 1302 191 1370 Athen.
210 1303 230 1367 l.
250 1303 269 1367 l.
288 1304 380 1381 redit,
402 1324 495 1386 quem
514 1325 553 1368 ex
571 1302 737 1386 Pamphilo
755 1300 941 1385 plerumque
959 1301 1097 1385 pendere
1115 1305 1248 1368 constat.

77 1448 121 1457 -
145 1409 275 1475 Glossae
298 1409 389 1475 Phot.
408 1405 559 1494 τιγόνιον
582 1413 615 1474 et
632 1403 816 1492 τιτιγόνιον
838 1409 966 1491 utrique
990 1408 1145 1474 debentur
1167 1409 1245 1473 atti-

77 1518 185 1593 cistae,
209 1538 279 1581 cum
302 1522 437 1601 utraque
460 1521 533 1599 post
555 1517 675 1600 glossas
698 1515 792 1600 τὶγγα
815 1515 874 1600 (=
896 1511 1082 1603 τιγγάβαρι)
1106 1517 1249 1592 redeant,

79 1622 117 1687 cf.
136 1622 216 1688 Nab.
235 1623 255 1688 l.
275 1623 294 1686 l.
315 1629 348 1688 et
370 1622 453 1688 Prol.
471 1645 500 1707 p.
521 1622 572 1688 72.

167 1728 309 1794 Similem
341 1728 552 1812 corruptelam
584 1727 683 1794 habes
715 1749 764 1812 ap.
791 1728 883 1794 Paus.
913 1728 950 1793 ir.
977 1730 1040 1794 160
1073 1728 1132 1815 (=
1159 1729 1248 1794 Eust.

78 1858 108 1918 p.
129 1835 202 1912 897,
221 1836 288 1922 58).
312 1826 353 1899 οὐ
372 1831 481 1920 μόνον
505 1836 684 1921 σφηκίσκοι
708 1827 932 1921 ἀριθμητικὸν
956 1841 1061 1921 σχῆμα
1084 1827 1168 1900 ἀλλὰ
1191 1836 1248 1901 καὶ

80 1936 162 2021 ξύλα
193 1933 311 2026 μικρὰ
345 1940 391 2018 εἰς
419 1933 479 2022 ὀξὺ
507 1940 702 2027 συνηγμένα.
748 1943 819 2008 Vox
844 1933 946 2026 μικρὰ
974 1948 1124 2026 corrupta
1152 1947 1184 2008 et
1210 1963 1249 2007 ex

79 2047 153 2112 Hes.
172 2046 274 2113 Schol.
294 2049 347 2112 Ar.
365 2048 449 2113 Plut.
469 2048 543 2114 3⁴01.
565 2039 685 2133 μακρὰ
706 2049 937 2113 restituendum
960 2053 1016 2114 est.
1054 2049 1147 2114 Hunc
1166 2049 1249 2114 euim

79 2154 164 2218 vocis
192 2174 317 2218 sensum
343 2154 430 2237 posci
459 2156 549 2220 locus
574 2154 826 2238 Aristophaneus
857 2155 925 2238 ipse
953 2156 1079 2232 suadet,
1111 2177 1182 2221 cum
1209 2157 1250 2221 de

80 2259 207 2343 cyclope
230 2266 396 2326 occaecato
415 2266 539 2345 agatur.
573 2261 796 2345 Aristophanis
813 2281 888 2326 vero
912 2262 1015 2327 locum
1038 2262 1160 2345 glossae
1184 2262 1249 2327 ori-

80 2367 185 2450 ginem
207 2365 304 2432 fuisse
328 2366 455 2445 Suidas,
483 2368 538 2450 qui
561 2389 633 2432 eum
655 2368 778 2445 attulit,
807 2369 1012 2434 demonstrat.
1058 2367 1250 2452 Corruptum

79 2478 187 2538 autem
213 2473 293 2538 illud
319 2465 421 2559 μικρὰ
449 2475 533 2559 apud
561 2473 799 2558 lexicographos
828 2474 869 2539 ad
895 2496 994 2538 unum
1021 2496 1129 2540 ornnes
1155 2475 1250 2540 redit.

80 2577 119 2644 cf.
138 2579 229 2645 Phot.
249 2578 335 2646 Suid.
353 2580 404 2646 Et.
424 2580 465 2644 M.
487 2581 560 2657 738,
579 2580 631 2646 38.
673 2578 797 2657 Suidas,
819 2581 875 2664 qui
894 2587 1013 2665 χρῆσιν
1035 2581 1181 2657 servavit,
1203 2580 1250 2645 lo-

81 2707 153 2750 cum
167 2684 434 2770 Aristophaneum
453 2687 656 2771 explicationi
674 2707 750 2752 suae
769 2688 987 2753 contradicere
1004 2707 1069 2752 non
1086 2687 1176 2764 vidit,
1194 2688 1251 2752 sed

80 2791 218 2876 glossam
241 2794 417 2876 antiquitus
440 2795 646 2876 depravatam
668 2794 701 2859 in
725 2814 782 2859 sua
799 2795 973 2859 transtulit.
993 2833 1034 2842 -
1055 2794 1164 2858 Tertia
1182 2814 1251 2859 cor-

80 2898 207 2980 ruptela
234 2906 282 2965 est
309 2899 400 2965 Paus.
423 2899 461 2965 ir.
487 2900 559 2965 182.
584 2900 642 2986 (=
669 2923 698 2983 p.
723 2899 801 2977 965,
824 2900 891 2987 47.)
916 2896 1070 2985 ἐρυσμός·
1104 2896 1251 2984 λάχανον

82 3000 312 3088 θερμαντικόν
336 3005 395 3093 (=
413 3006 519 3092 Phot.)
543 3007 660 3071 Forma
683 3002 823 3091 ἐρυσμός
846 3008 964 3072 nemini
987 3008 1110 3073 audita:
1133 3007 1252 3090 ubique

81 3110 235 3176 habemus
259 3108 416 3198 ἐρύσιμον
440 3112 478 3178 cf.
498 3113 536 3177 fr.
558 3113 630 3178 182.
648 3119 712 3178 not.
735 3115 762 3178 1.
793 3114 842 3178 Ex
865 3135 1018 3179 consensu
1040 3135 1115 3178 vero
1133 3114 1251 3178 Eusta-

81 3217 145 3282 thii
163 3223 196 3282 et
214 3218 321 3284 Photii
340 3219 552 3303 corruptelam
569 3222 634 3285 iam
652 3220 686 3284 in
703 3220 902 3285 Pausaniano
926 3222 1033 3286 codice
1056 3221 1153 3287 fuisse
1176 3241 1251 3286 con-

82 3329 268 3390 sentaneum
286 3331 342 3391 est.
362 3365 403 3374 -
423 3327 462 3390 In
480 3325 518 3390 fr.
536 3325 598 3390 185
618 3327 676 3413 (=
693 3349 723 3409 p.
741 3326 908 3412 1864,14)
927 3328 1075 3404 traditur,
1094 3327 1252 3393 Milesium

83 3434 116 3494 et
134 3431 307 3515 Ephesium
325 3433 400 3498 olim
419 3433 583 3517 Olympiae
601 3432 757 3497 luctatum
774 3453 842 3498 esse
860 3454 962 3516 nequa
981 3433 1139 3499 Milesium
1158 3434 1252 3517 quid-

82 3557 177 3620 quam
195 3537 375 3621 profccisse‚
394 3540 479 3624 quod
496 3538 654 3623 Ephesius
672 3539 747 3604 talis
765 3531 894 3622 Ἐφέσια
908 3535 1081 3625 γράμματα
1096 3541 1252 3605 circumli-

82 3644 235 3726 gavissetz
259 3644 373 3728 quibus
390 3645 481 3710 lectis
500 3651 533 3710 et
547 3646 658 3711 solutis
673 3646 845 3730 Ephesium
863 3647 970 3711 tricies
989 3646 1078 3710 humi
1095 3647 1253 3730 procubu-

82 3751 154 3814 isse.
200 3749 358 3817 Numerus
381 3752 435 3816 illc
457 3748 694 3837 τριακοντάκις
717 3774 793 3818 sane
816 3753 1016 3817 mirationem
1039 3759 1155 3829 movet,
1183 3774 1254 3817 cum

82 3857 168 3921 inter
191 3877 297 3922 omnes
317 3863 447 3936 constet,
470 3859 533 3924 iam
553 3861 630 3925 satis
649 3859 755 3936 fuisse,
777 3863 812 3923 ut
831 3859 1030 3924 adversarius
1049 3865 1108 3923 ter
1127 3860 1255 3924 caderet

84 3968 116 4027 et
134 3964 252 4028 umeris
271 3965 374 4029 solum
388 3986 503 4030 arenae
519 3971 679 4048 tangeret:
699 3965 736 4031 cf.
752 3965 900 4030 Philostr.
918 3965 1029 4049 Gymn.
1044 3965 1084 4029 II.
1098 3987 1128 4048 p.
1139 3965 1214 4043 266,
1225 3966 1253 4030 8.

84 4070 132 4136 ed.
152 4071 247 4154 Kays.
279 4071 422 4136 Eandem
441 4072 618 4138 doctrinam
637 4074 733 4138 etiam
752 4072 900 4137 atticistis
918 4073 952 4135 in
970 4093 1030 4137 usu
1047 4072 1143 4139 fuisse
1162 4075 1255 4138 docet

174 4320 196 4386 1)
214 4321 304 4376 Locus
323 4321 387 4376 ideo
405 4326 559 4390 suspectus,
580 4323 652 4388 quod
664 4321 791 4374 Eustath.
806 4337 832 4389 p.
846 4322 925 4389 1282,
939 4321 982 4388 40,
1001 4322 1049 4391 qui
1068 4339 1131 4378 eum
1150 4325 1254 4379 exscri-

84 4407 134 4475 bit,
154 4407 271 4465 formam
289 4405 444 4480 τριγόνιον
461 4411 588 4480 praebet.
608 4409 642 4464 cf.
657 4408 690 4463 fr.
705 4412 747 4464 87.
761 4413 816 4464 not.
830 4411 855 4465 2.

1006 4502 1043 4557 3*
