3000 5040
688 271 750 335 133

219 429 271 496 99.
304 429 476 494 Eustath.
495 452 525 512 p.
547 430 641 506 1539,
661 431 711 494 61.
746 432 848 516 δῆλον
873 430 909 494 δὲ
928 423 975 508 ὡς
994 422 1061 496 άπὸ
1081 437 1143 496 τοῦ
1160 427 1303 516 γάλατος

129 527 151 622 ι)
170 530 310 622 γαλήνη,
334 526 419 602 ὅθεν
438 537 495 600 καὶ
513 528 718 623 γαλερὲνὶ)
741 528 826 601 κατά
845 538 1079 602 Παυσανίαν
1097 530 1137 603 τὸ
1156 528 1302 624 γαληνὸν

129 643 187 707 καὶ
209 632 335 728 ἥσυχον
357 643 414 706 καὶ
436 642 609 728 προσηνές.

222 751 293 815 100.
326 749 499 815 Eustath.
519 772 548 832 p.
569 750 642 826 648,
661 750 712 815 26.
747 751 845 835 δηλοῖ
867 750 902 814 δὲ
925 741 945 834 ι)
968 750 1030 834 μὲν
1052 746 1216 834 γάλοοςῙ)
1240 742 1302 837 τὴν

128 862 193 920 τοῦ
224 847 348 940 ἀνδρὸς
380 848 542 941 ἀδελφὴν,
575 847 668 922 καθά
701 857 758 920 καὶ
790 848 936 940 άλλαχοῦ
970 853 1169 943 δεδήλωται,
1201 849 1304 922 ὁποία
1330 875 1343 916 5

130 960 199 1027 ἐστὶ
223 969 264 1045 τῇ
283 953 397 1045 Ἑλένη
420 953 440 1048 ι)
464 958 654 1047 Κασάνδρα.
679 953 765 1026 κατά
790 961 826 1027 δὲ
844 962 988 1028 Αἴλιον
1011 959 1223 1029 Διονύσιον
1246 966 1304 1029 καὶ

127 1059 191 1156 τὴν
209 1074 272 1134 τοῦ
291 1061 440 1151 άάελφοῦ
458 1082 609 1153 γυναῖκα.
641 1061 728 1154 πρὸς
746 1060 890 1155 ἀλλήλας
911 1065 984 1155 γάρ,
1007 1087 1116 1156 φησι,
1139 1070 1302 1155 λέγονται.

129 1177 229 1262 (sequ.
250 1176 441 1260 etymologia
463 1167 556 1261 παρά
579 1167 618 1241 τὸ
641 1172 751 1261 γάλα).
786 1177 965 1262 σημείοοσαι
994 1176 1029 1240 δὲ
1058 1167 1110 1242 ὅτι
1139 1172 1301 1262 ἓτεροάνυ-

128 1279 194 1366 μάν
222 1280 292 1348 ἐστι
320 1273 518 1366 συγγενικὸν
545 1284 602 1347 καὶ
629 1275 649 1369 ἦ
677 1279 786 1367 γάλοος
809 1275 900 1368 [ἤτοι
922 1279 1077 1368 χαλάσας).
1119 1281 1216 1369 ἐχρῆν
1239 1275 1301 1368 γάρ

130 1385 215 1455 εἶναι
234 1384 350 1474 δάειρα
369 1387 406 1453 ἐκ
424 1395 486 1454 τοῦ
510 1380 593 1474 δαὴρ
617 1389 735 1473 δαέρος
758 1390 814 1453 καὶ
839 1388 922 1454 εἰσὶν
942 1390 977 1454 οἳ
997 1382 1059 1475 τὴν
1080 1398 1198 1476 χρῆσιν
1221 1386 1342 1455 tani-10

128 1518 191 1582 την
214 1492 340 1572 εἰδότες
363 1487 409 1572 ὡς
433 1487 537 1572 εὐθὺς
561 1491 808 1581 δηλωθήσεται·
835 1487 974 1581 (Όμηρος
999 1497 1036 1562 δέ
1057 1519 1094 1579 γε
1117 1489 1181 1561 οὐκ
1205 1488 1302 1574 εἰδώς

128 1593 190 1688 τὴν
213 1601 303 1683 λέξιν
325 1597 452 1687 ταύτην
475 1597 585 1686 γάλοος
608 1601 695 1686 λέγει
720 1597 947 1688 ἓτερωνύμιυς,
971 1594 1012 1667 οὗ
1037 1599 1160 1688 άάειρα.
1189 1599 1300 1669 Λυκό-

128 1708 261 1795 donst)
283 1708 319 1773 δὲ
335 1707 497 1794 μέμνηται
514 1707 575 1792 μὲν
593 1709 773 1794 Δαείρας,
796 1698 838 1794 ἣν
857 1710 914 1772 καὶ
932 1711 1139 1795 παρατίθησι
1157 1717 1198 1792 τῇ
1217 1711 1300 1795 Περ-

129 1811 256 1898 σεφόνη
288 1813 325 1879 ἐν
358 1815 459 1899 στίχῳ
493 1809 550 1880 ἑνί.
589 1806 631 1879 οὐ
664 1806 861 1900 συγγενικὴν
895 1813 931 1880 δὲ
959 1815 1048 1895 λέξιν
1077 1811 1169 1881 οἶδεν
1197 1808 1301 1902 αὐτὴν

129 1913 213 1986 άλλὰ
250 1922 438 2006 δαιμονίαν.
480 1923 538 1986 καὶ
575 1920 669 1986 δοκεῖ
702 1926 942 2008 προληπτικῶς
974 1913 993 2008 ἦ
1026 1922 1112 2002 λέξις
1144 1915 1190 2000 ὡς
1221 1923 1301 1989 θεία
1316 1937 1340 1978 15

128 2031 296 2113 ληφθεῖσα
319 2034 498 2114 σιγηθῆναι
520 2019 612 2112 παρὰ
634 2035 684 2113 τῷ
707 2035 829 2114 ποιητῇ
858 2027 912 2093 ἐπὶ
941 2020 1161 2115 ἀνθρωπίνης
1189 2045 1301 2114 συγγε-

127 2134 233 2214 νείας,
261 2125 383 2199 ὃιιοῖόν
411 2158 445 2199 τι
472 2136 529 2199 καὶ
552 2133 608 2199 ἐπὶ
629 2139 688 2220 τῆς
709 2141 773 2199 τοῦ
795 2129 873 2212 Διὸς
889 2127 1065 2221 Ἀθηναίας
1088 2137 1145 2200 καί
1169 2134 1225 2201 dni
1246 2159 1301 2220 γυ-

128 2434 196 2489 Lex.
209 2435 322 2491 Bachm.
335 2453 362 2504 p.
378 2437 439 2504 183,
455 2436 496 2489 ll.
512 2436 543 2489 B.
557 2437 590 2490 A.
605 2437 649 2504 88,
664 2437 689 2490 2.
704 2436 772 2490 Poll.
787 2436 848 2490 VII.
864 2436 923 2491 156.
939 2435 973 2491 cf.
988 2436 1126 2506 Immisch,
1147 2438 1182 2492 de
1196 2438 1232 2505 gl.
1246 2437 1300 2492 lex.

127 2523 193 2578 Hes.
212 2523 270 2578 ital.
286 2525 362 2580 stud.
378 2523 453 2593 Lips.
464 2523 539 2578 VIII.
555 2541 581 2593 p.
597 2525 657 2578 323.
668 2540 745 2592 sqqu.
766 2523 890 2593 Suspicio
906 2529 999 2579 antem
1012 2529 1144 2593 movetur,
1165 2541 1201 2579 an
1215 2527 1301 2581 etiam

127 2618 226 2682 γαῖος
240 2612 376 2682 quaedam
391 2629 444 2668 vox
459 2620 502 2657 ¹=
516 2609 700 2681 ἀναίσθητος)
715 2613 853 2667 veteribus
868 2619 933 2667 nota
947 2612 1040 2680 fuerit,
1056 2614 1080 2667 si
1095 2615 1299 2683 comparaveris

126 2700 254 2755 Eustath.
274 2719 301 2770 p.
323 2704 387 2770 188,
406 2703 449 2756 29.
478 2703 527 2756 καί
545 2690 589 2755 άτι
608 2698 642 2755 ἐκ
659 2704 711 2756 τοῦ
734 2699 799 2771 γία,
824 2689 840 2755 6
864 2697 1006 2772 γράφεται
1030 2697 1075 2755 διὰ
1098 2704 1148 2756 τοῦ
1168 2709 1182 2756 ἓ
1203 2704 1298 2771 ψιλοῦ,

126 2796 205 2860 γεῖος
227 2783 244 2858 ἢ
268 2791 317 2844 καί
340 2783 432 2854 άλλως
453 2797 546 2860 γαῖος·
571 2786 650 2861 παρὰ
668 2785 836 2854 Ἰταλιώταις
858 2793 906 2844 καί
933 2791 1113 2861 Ταραντίνοις
1137 2782 1153 2844 ὃ
1175 2791 1298 2857 μίσθιος.

127 2871 189 2932 ἔστι
208 2873 235 2932 δ’
251 2866 301 2933 dte
320 2881 369 2933 καί
388 2871 403 2933 ὃ
422 2874 514 2948 ιιαχὺς
531 2881 581 2933 καί
600 2874 774 2947 ἀναίσθητος
793 2871 955 2949 ἄνθρωπος.
975 2879 1095 2946 (estet,
1112 2880 1152 2934 16.
1172 2881 1219 2933 καί
1233 2883 1299 2949 βου-

126 2961 216 3038 γάϊος.
239 2955 258 3021 ά
275 2963 336 3022 ἐστι
353 2964 444 3038 μέγας
461 2970 510 3021 καί
524 2963 705 3035 ἀναίσθητος,
726 2961 764 3031 ὡς
776 2960 948 3040 Ἡρῳδιανὸς
966 2963 997 3022 έν
1011 2971 1046 3038 τῇ
1060 2963 1171 3039 μεγάλη
1186 2985 1299 3040 προσῳ-

126 3056 191 3131 δίᾳ.)
210 3072 273 3111 cum
291 3057 359 3111 locis
378 3057 422 3111 Et.
441 3074 476 3110 m.
496 3058 557 3124 223,
573 3059 588 3112 6
607 3061 718 3125 (γαῖοος
737 3052 871 3127 έμβόλιον
891 3057 1033 3127 σιδηροῦν,
1066 3052 1195 3128 Τριήρον
1210 3099 1215 3111 .
1228 3099 1233 3111 .
1247 3100 1252 3112 .
1268 3057 1298 3112 δὲ

126 3141 178 3214 τὴν
197 3140 296 3214 φωνὴν
315 3141 439 3199 ἐπὶτῶν
458 3140 599 3200 άκοντίυν
618 3133 783 3212 άῬομαῖοι
802 3148 939 3200 καλοῦσιν
957 3138 1071 3210 ὑσσούς.
1094 3143 1248 3200 Ἰταλιῶται
1268 3144 1298 3200 δὲ

126 3235 176 3288 καί
197 3235 364 3305 Ταραντῖνοι
383 3241 466 3304 γαῖαν
484 3229 535 3288 τὸν
552 3229 659 3302 μισθὸν
677 3231 817 3304 λέγουσιν.
844 3230 878 3288 ἐκ
897 3238 947 3290 τοῦ
966 3232 1020 3305 γέα
1040 3233 1070 3289 δὲ
1089 3238 1149 3290 κτλ,
1178 3237 1299 3290 καλοῦσι

126 3317 153 3376 δ’
169 3309 261 3386 οὕτως
278 3324 328 3376 καί
346 3317 397 3376 τὸν
416 3318 508 3392 παχὺν
526 3325 575 3377 καί
589 3317 766 3390 άναίσθητον
784 3314 949 3393 άνθροιιιον.
970 3319 1003 3378 ἐκ
1016 3327 1068 3378 τοῦ
1087 3322 1251 3395 ῥητορικοῦ)
1271 3328 1300 3379 et

125 3413 157 3466 Β.
176 3412 210 3466 d.
230 3412 295 3476 229,
315 3412 371 3480 17.,
394 3412 443 3466 ubi
466 3413 562 3467 eadem
587 3411 688 3466 lacuna
710 3417 792 3480 atque
816 3411 844 3466 in
864 3413 908 3467 Et.
928 3413 966 3466 M.
986 3415 1134 3467 statuenda
1153 3416 1202 3467 est.
1231 3414 1299 3468 Tres

124 3498 211 3568 igitur
232 3498 344 3554 fuerunt
363 3515 443 3554 voces
462 3507 573 3570 γαῖοος,
597 3507 679 3571 γαῖος
696 3504 741 3568 (=
760 3495 883 3568 μισθὸς),
907 3495 989 3571 γάϊυς
1007 3501 1052 3572 (=
1071 3499 1245 3569 ἀναίσθητος
1263 3500 1298 3564 cf,

124 3587 191 3642 Hes.
211 3603 232 3642 s.
251 3605 276 3642 v.
295 3583 425 3658 βουγάιε)
450 3603 521 3656 quae
540 3594 638 3658 postea
656 3605 673 3644 ο
692 3589 896 3659 lexicographis
915 3589 1161 3644 confundebantur,
1179 3619 1215 3628 —
1233 3588 1298 3642 Dio-

124 3675 273 3745 genianum
297 3677 394 3731 eadem
419 3676 566 3732 tradidisse
591 3678 671 3732 docet
690 3678 775 3733 schol.
795 3679 831 3733 ad
849 3679 934 3733 ιΙοευο
952 3678 1031 3744 VIII,
1052 3680 1093 3733 18.
1116 3695 1134 3732 α
1151 3676 1299 3731 Montefal-

115 3765 204 3828 ,conio
223 3764 327 3820 editus:
348 3759 363 3819 ὃ
383 3764 592 3837 λεξιιιογράφος
605 3762 802 3837 Αιογενειανὸς
820 3774 922 3838 γαῖσος
941 3761 1074 3837 έμβάλιον
1087 3759 1158 3820 εἶναι
1171 3759 1298 3834 ὁλοσίδη-

126 3871 185 3924 ρον,
205 3853 240 3908 cf.
260 3854 394 3922 Schmidt,
414 3855 525 3924 Quaest.
545 3857 665 3926 Hesych.
683 3873 710 3924 p.
730 3856 773 3911 88.

170 3942 212 3997 99.
233 3944 254 4008 1)
274 3941 314 3997 Of.
334 3943 408 3997 Hes.
428 3940 559 4013 γαληνὸν.
584 3932 698 4013 ἥσυχον,
718 3940 824 4015 ἱλαρὸν,
845 3938 945 3999 εάδιυν.
966 3950 994 3998 et
1014 3939 1151 4015 γαληρὸν·
1176 3938 1208 3997 τὸ
1228 3937 1297 3998 αὐτὸ

124 4032 174 4084 καί
193 4025 324 4101 γαλερόν.
345 4031 379 4085 cf.
399 4033 430 4086 B.
449 4034 483 4086 A.
503 4035 564 4101 229,
583 4035 626 4087 31.
645 4034 690 4087 Et.
710 4035 747 4088 M.
768 4035 828 4102 220,
848 4035 891 4088 28.

171 4118 328 4175 100.1)cf.
352 4120 419 4174 Ηοε.
443 4122 569 4190 Apollon.
594 4123 648 4175 Iex.
673 4123 744 4175 hom.
769 4123 816 4189 53,
840 4123 883 4176 31.
907 4122 995 4176 Bekk.
1019 4121 1093 4176 Suid.
1119 4121 1228 4176 Hellad.
1252 4137 1297 4191 ap.

124 4206 204 4261 Phot.
217 4206 290 4262 Bibl.
303 4225 330 4277 p.
344 4210 427 4277 530a,
446 4213 471 4264 2.
491 4211 558 4264 Poll.
573 4211 622 4264 III.
642 4211 685 4265 32.
704 4210 748 4263 Et.
762 4211 800 4264 M.
820 4211 882 4277 220,
901 4212 925 4265 9.
946 4213 990 4276 (=
1008 4210 1053 4264 Et.
1074 4210 1143 4266 Gud.
1165 4210 1224 4273 119,
1244 4211 1298 4276 20.)

126 4293 225 4350 01οεοο
243 4312 288 4364 ορ.
306 4297 352 4352 Et.
373 4297 443 4352 Gud.
463 4301 527 4364 119,
547 4301 591 4354 21.
615 4315 651 4353 ux
675 4300 778 4353 duabus
803 4293 906 4369 (γάλως
929 4302 958 4353 et
976 4294 1089 4370 γάλλος)
1109 4297 1227 4356 conflata
1246 4305 1297 4354 est.

216 4384 237 4452 ²)
255 4386 392 4458 Lycophr.
413 4388 472 4443 710.
494 4405 555 4443 cum
573 4389 647 4444 notit
665 4389 838 4443 Bachmanni
857 4393 886 4442 et
904 4389 1026 4444 scholii&
