3000 5040
646 237 712 303 243

84 393 248 484 καμάραι.
284 397 441 483 9ολ1α’)
470 397 506 463 δὲ
532 402 691 484 θηλυκῶς
717 392 816 475 πῖλος
842 396 889 474 εἰς
915 389 977 478 6ξύ
999 389 1188 484 ἀπολήγων.
1226 395 1260 464 οἱ

86 504 132 569 δὲ
156 501 317 572 σκιάδιον.

668 689 695 748 Ι.

185 845 260 915 395.
290 846 465 912 Eustatlu
487 868 518 930 p.
539 845 640 924 1622,
656 845 708 911 44.
741 843 782 910 ἐν
810 845 851 910 δὲ
879 844 1008 926 λέξεσι
1030 841 1262 932 ῥητορικοῖς

91 975 232 1040 ευρηται
254 954 312 1018 καὶ
329 946 464 1019 ‘lodov
486 954 701 1031 Ποσειδῶνος
722 943 797 1029 υἱὸς
819 944 1008 1038 ὑπερφυὴς,
1031 945 1095 1017 οὐκ
1118 946 1262 1041 εὐπρόσ-

92 1083 176 1138 ιτος.
203 1047 245 1147 ἦν
268 1060 306 1126 δὲ
328 1054 439 1137 ἄλλους
461 1061 519 1125 καὶ
540 1052 656 1138 Τιτυὸς
678 1054 907 1146 ὑπερμεγέθης
928 1051 1173 1147 καθ’Ὅμηρον
1191 1067 1263 1128 κτλ.
1290 1082 1304 1121 s

186 1167 259 1234 396.
290 1167 465 1232 Eustath.
484 1190 514 1251 p.
535 1168 630 1244 1238,
647 1169 678 1232 4.
709 1168 788 1252 περὶ
807 1167 843 1232 δὲ
861 1172 923 1232 τοῦ
942 1162 1042 1233 εἰλίεο
1064 1165 1188 1244 ἰστέον,
1211 1162 1264 1235 ὅτι

93 1274 142 1340 ἐν
167 1279 309 1360 λεξικῷ
336 1278 492 1359 παλαιῷ
520 1267 620 1339 κατὰ
648 1285 850 1358 στοιχεῖον
877 1272 1145 1360 ἐκτεθειμὲνῳ
1167 1276 1264 1362 φέρε-

91 1405 154 1448 ται
168 1373 250 1448 αὐτὸ
265 1380 302 1446 ἒν
315 1389 365 1467 τῷ
379 1395 395 1446 ῑ
407 1383 561 1467 στοιχείῳ
575 1376 692 1460 οὕτως.
716 1377 837 1447 ἰλύσω
847 1383 883 1466 ¹)·
897 1373 937 1446 τὸ
952 1379 1173 1467 περικαλύψαι
1186 1379 1263 1450 ἰλύῑ.

188 1491 262 1557 397.
293 1489 468 1556 Eustaih.
486 1513 516 1574 p.
537 1491 633 1568 1413,
651 1491 703 1555 32.
736 1483 789 1555 ὅτι
813 1488 849 1554 δὲ
866 1481 887 1575 ἦ
905 1481 1015 1575 γραφὴ
1033 1497 1093 1576 τῆς
1111 1489 1182 1578 ἲλης
1200 1489 1263 1557 ἐδι-

95 1609 237 1684 φορεῐτο
259 1589 352 1683 παρὰ
373 1608 444 1674 τοῖς
466 1601 637 1678 παλαιοῖς,
666 1599 803 1683 δηλοῦσι
825 1598 882 1661 καὶ
905 1593 943 1660 οἱ
970 1594 1012 1661 ἐν
1035 1593 1264 1684 ῥητορικοῖς
1278 1619 1304 1658 ιο

96 1709 273 1786 λεξικοϊς
294 1701 557 1790 παραδόντες,
586 1699 632 1782 ὡς
659 1706 716 1768 καὶ
738 1696 778 1769 τὸ
803 1702 972 1791 lovium)
996 1695 1072 1769 ἀντὶ
1093 1713 1157 1770 τοῦ
1178 1727 1264 1789 yves·

97 1811 199 1878 στέον
231 1804 285 1878 διὰ
317 1807 507 1897 διφθόγγου
539 1807 607 1896 εἶχέ
631 1833 716 1876 ποτε
743 1803 806 1897 τὴν
831 1803 964 1897 γραφὴν
991 1804 1057 1876 ἄπο
1086 1820 1148 1877 toi
1176 1811 1263 1879 εἶδον.

96 1921 157 1984 καὶ
182 1911 223 1985 τὸ
251 1919 348 2007 inst)
377 1918 433 1985 ἐπὶ
456 1915 622 2004 τάγματος
644 1920 701 1983 καὶ
723 1915 878 2005 πλήθους
900 1911 992 2004 παρὰ
1014 1911 1054 1985 τὸ
1079 1919 1167 1985 silui.
1208 1923 1267 1987 καὶ

97 2019 140 2092 to
168 2026 464 2114 ilvouuoiiaffl),
493 2020 513 2092 ὅ
540 2025 630 2092 ἐστιν
658 2019 783 2110 ὁμοίως
810 2019 887 2107 ὄφει
915 2029 972 2090 καὶ
1000 2022 1148 2114 σκώληκι
1171 2027 1265 2094 εἰλεῖ-

99 2140 183 2200 σθαι
205 2135 262 2199 καὶ
285 2140 446 2215 σπᾶσθαι,
468 2126 573 2220 ἤγουν
595 2138 773 2199 κινεῖσθαι.
808 2123 894 2199 ὅθεν
917 2136 974 2198 καὶ
997 2130 1227 2219 εἰλύσπωμα
1245 2128 1265 2222 ἡ
1280 2157 1306 2197 ns

97 2237 239 2328 τοιαύτη
265 2243 402 2328 κίνησις.
443 2243 500 2306 καὶ
527 2235 547 2328 ἦ
575 2243 703 2307 κλεισὶα
732 2240 769 2306 δὲ
796 2242 852 2306 καὶ
875 2232 914 2305 τὸ
938 2243 1087 2306 κλεισίον
1095 2244 1123 2326 ⁴)
1146 2243 1203 2306 καὶ
1225 2234 1265 2308 τὸ

97 2347 257 2414 πὲδειλον
273 2350 460 2435 διφορεῑται
473 2362 545 2426 τοῖς
552 2353 717 2426 παλαιοῖς.
737 2350 795 2413 καὶ
808 2341 903 2427 ἄλλα,
917 2345 954 2412 ἐν
968 2342 1019 2424 οἷς
1031 2350 1088 2412 καὶ
1102 2341 1120 2413 ὁ
1128 2345 1221 2432 χιλός
1228 2352 1265 2436 ⁵).

191 2456 265 2522 398.
292 2457 466 2522 Eusiath.
484 2480 514 2541 p.
533 2456 609 2534 450,
627 2457 679 2522 23.
712 2454 749 2520 ἐν
768 2455 804 2521 δὲ
823 2451 1022 2542 ῥητορικῷ
1039 2478 1106 2520 τινι
1124 2460 1267 2542 λεξικῷ

100 2704 138 2743 ne
158 2687 303 2757 vestigium
322 2687 433 2757 quidem
445 2690 520 2757 apud
532 2689 586 2742 lex.
599 2688 671 2742 rhet.
686 2688 809 2755 indages.
830 2685 870 2742 01.
883 2686 951 2741 Poll.
965 2686 1039 2741 VIII.
1053 2687 1113 2741 155.
1128 2717 1162 2726 -
1179 2688 1265 2756 Harp.

101 2793 165 2832 oum
184 2776 269 2832 Suida
287 2778 415 2832 conciuit.
443 2777 517 2833 Suid.
536 2778 573 2846 gl.
592 2778 619 2831 2.
638 2777 702 2831 Hes.
723 2776 759 2845 gl.
779 2778 803 2831 1,

192 2866 214 2933 ¹)
231 2867 314 2937 Apud
336 2867 465 2936 lexicogr.
486 2882 622 2936 nusquam
644 2866 698 2921 uisi
721 2881 765 2935 ap.
785 2865 870 2934 Harp.
890 2864 908 2920 l.
927 2865 959 2931 I.,
984 2864 1019 2920 ο1.
1038 2864 1106 2920 Poll.
1125 2865 1186 2921 VII
1207 2866 1266 2920 174.

101 2955 136 3010 X.
157 2957 215 3010 127.

147 3047 208 3101 395.
236 3046 380 3115 Nusquam
391 3045 511 3102 recurrit
522 3045 577 3100 uisi
590 3062 634 3115 ap.
647 3045 722 3113 Hes,
735 3044 782 3112 qui
794 3044 830 3100 ad
843 3043 1058 3113 Aristophanem
1072 3043 1115 3110 (fr.
1128 3045 1191 3108 555)
1205 3061 1267 3114 pro·

102 3141 190 3190 vocat.

147 3225 208 3280 996.
238 3223 277 3279 01.
296 3224 330 3279 fr.
350 3225 409 3280 155.
428 3224 488 3280 209.
508 3225 570 3279 225.
588 3223 650 3278 397,

194 3315 215 3383 1)
232 3315 299 3370 Hes.
318 3331 394 3370 conv.
414 3314 454 3368 01.
473 3313 510 3367 ib.
530 3308 632 3367 ἰλύσαι.
654 3311 699 3368 Et.
719 3311 758 3366 M.
776 3311 839 3379 470,
857 3311 919 3366 208.

148 3404 209 3458 397.
237 3403 331 3459 Aelii
348 3403 508 3473 Dionysii
526 3401 611 3457 fuisse
630 3408 706 3471 puto,
726 3400 760 3456 ef.
780 3400 814 3455 fr.
834 3401 895 3457 155.
914 3399 975 3454 209.
995 3401 1056 3455 225.

193 3494 214 3559 ¹)
234 3493 315 3548 Oonv.
333 3494 399 3548 Hes.

193 3582 214 3648 ¹)
233 3582 313 3637 Conv.
333 3583 398 3638 Hes.
419 3575 504 3650 εἰλην,
524 3580 598 3634 Suid.
619 3574 688 3648 εἷ’λη.
708 3579 774 3634 Lex.
793 3579 907 3634 Baohm.
926 3580 988 3646 209,
1007 3580 1031 3633 6.

192 3671 214 3739 ⁸)
233 3672 315 3728 Gonv.
334 3673 400 3726 Hes.
421 3668 624 3737 εἰλυσαᾶσθαι,
643 3665 826 3732 ἰλυσπῶντες,
846 3664 1030 3729 ἰλυσπᾶσθαι,
1051 3663 1205 3721 εἰλυσπᾶιο
1224 3662 1272 3734 [εἰ-

103 3765 267 3816 λοσιιῶνται
285 3761 397 3816 aliunde
415 3760 510 3829 traxit]
529 3760 608 3814 Phoo.
622 3758 697 3813 Suid.
711 3758 779 3812 Lex.
792 3757 905 3811 Baehm.
924 3757 985 3823 262,
1003 3757 1028 3808 2.
1048 3771 1070 3809 s.
1088 3772 1113 3809 v.
1133 3751 1271 3809 ἰλυσπῶν-

103 3868 165 3915 τες,
188 3851 233 3904 Et.
251 3852 290 3906 M.
309 3852 371 3912 470,
389 3851 449 3904 217.
478 3849 518 3903 Cf.
538 3849 600 3904 Not.
621 3847 762 3902 Gaisfordi
780 3845 816 3901 ad
834 3863 859 3915 p.
879 3845 956 3899 1346.
976 3838 1027 3912 ἴλη.
1047 3845 1126 3899 1347.
1145 3840 1272 3898 ἰλυσπῶν

104 3941 151 3995 Et.
170 3939 239 3995 (iud.
259 3941 320 4006 277,
339 3940 382 3994 34.
401 3939 444 3994 40.
464 3939 526 4005 625,
544 3939 587 3992 42.
606 3938 692 3991 Moer.

192 4031 215 4096 ⁴)
234 4028 274 4084 01.
293 4028 327 4084 fr.
346 4030 407 4083 231.
435 4027 511 4082 Aelii
529 4026 615 4096 igitur
633 4023 759 4095 Dionysii
778 4027 842 4078 sunt
859 4021 951 4077 verba.

194 4119 215 4187 ⁵)
234 4117 274 4174 01.
293 4118 327 4174 ir.
346 4118 421 4184 328„
449 4118 523 4171 unde
546 4117 647 4171 iterum
670 4114 717 4169 hie
740 4111 817 4168 Aelii
839 4110 965 4182 Dionysii
988 4111 1141 4166 doctrinam
1165 4110 1271 4167 servari

104 4207 285 4277 Intellegitur.

150 4298 211 4353 398.
240 4298 280 4354 cf.
304 4298 337 4353 fr.
361 4298 421 4353 422.
445 4297 584 4367 ααρσαλῆ.
621 4295 751 4349 Fortasse
774 4290 959 4361 fragmentum
983 4306 1018 4346 ex
1040 4291 1182 4362 Aristoph.
1206 4291 1270 4362 Byz.

105 4387 253 4444 deductum
272 4393 323 4457 est,
343 4386 377 4444 oi.
396 4387 467 4443 Mill.
486 4387 552 4442 Mel.
571 4402 598 4456 p.
616 4385 678 4440 429.
1007 4472 1022 4526 1
1045 4471 1061 4505 ἱ

1025 4473 1041 4526 6
