2986 5062
665 224 725 291 151
834 294 836 301 ,

103 396 181 456 τῶν
205 386 374 474 ἐγχέλεων.
415 377 476 464 τὰς
503 385 539 452 δὲ
567 383 705 472 ἐγχέλεις
732 387 835 469 φασὶν
864 383 901 450 οἱ
923 385 1123 470 παλαιοὶθ)
1151 388 1210 470 ζῆν
1234 383 1279 461 είς

106 486 196 563 ἑπτὰ
220 491 277 582 ’ἐτη
300 495 357 560 καὶ
380 484 472 560 δκτώ
495 494 552 558 καὶ
574 485 827 581 δλληλοῳαγεῑν.

201 602 274 668 146.
306 600 480 666 Eustath.
503 623 534 684 p.
557 601 656 678 1450,
679 601 729 666 33.
763 591 832 666 ἀπὸ
862 599 897 665 δὲ
924 605 987 664 τοῦ
1011 599 1147 685 190331)
1175 599 1230 662 καὶ
1259 589 1279 684 ἦ

107 708 153 775 ἐν
175 715 255 795 χρῷ
277 697 441 794 κουρδιῖ)
465 699 485 793 ἡ
509 699 590 794 ψιλὴ
613 698 699 773 κατὰ
722 705 863 773 Αίλιον
886 701 1098 772 Διονύσιον
1122 697 1281 791 καὶπρὸς

105 808 174 882 τὸν
194 822 316 902 χρῶτα.
339 815 397 880 καὶ
415 813 457 880 έν
477 821 558 900 χροδ
582 813 617 880 δὲ
640 815 839 900 κουρίαςθ)
865 804 995 880 ὁοῧτοο
1013 807 1206 898 κειρόμενος
1224 813 1280 877 καὶ
1307 833 1320 872 5

105 927 236 1001 πλοῦς
258 920 300 989 ἐν
320 922 436 1008 χρῳί)
460 914 479 988 δ
503 928 561 1008 γῆς
584 917 686 1007 ἐγγύς.
713 922 920 1008 Θουκυδίδης
944 919 981 985 έν
996 927 1067 1006 χρῷ
1089 924 1280 1005 παραπλεῦ-

108 1047 167 1096 σαι
184 1021 244 1108 vig
266 1036 356 1107 ναῦς.
381 1020 443 1094 ἄπ’
467 1020 573 1094 αὐτοῦ
597 1028 632 1094 δὲ
654 1028 711 1094 καί
733 1019 773 1094 τὸ
795 1029 948 1114 χρίμπτῳ
972 1029 1028 1092 καὶ
1050 1019 1090 1092 τδ
1115 1029 1207 1114 χρίῳ.
1232 1023 1280 1091 ἔτι

110 1137 149 1203 δὲ
173 1138 231 1202 καί
251 1128 292 1203 τὸ
317 1135 445 1222 ἒγχρίιο,
469 1135 623 1202 τουτέστι
644 1138 747 1218 παίω,
771 1127 856 1202 ὅθεν
876 1133 1086 1222 έγχρίσαιῡ)
1109 1127 1195 1200 κατὰ
1218 1126 1279 1200 τὸν

109 1236 218 1311 αὐτὸν
231 1239 445 1310 Διονύσιον
463 1234 525 1309 τὸν
546 1235 644 1331 [Leo]
663 1255 781 1309 παῖσαι
798 1243 928 1328 κέντρῳ
948 1243 1111 1328 σκορπίον
1129 1235 1149 1328 ἢ
1169 1248 1279 1328 σῳῆκα

108 1345 131 1438 ἢ
153 1375 187 1417 τι
209 1359 376 1418 τοιοῦτον.
1293 1369 1319 1406 10

202 1458 273 1523 147.
304 1458 477 1525 Eustath.
495 1481 524 1543 p.
546 1458 640 1535 1403,
658 1458 710 1524 40.
744 1455 781 1522 ἐκ
799 1463 862 1522 τοῦ
881 1449 987 1522 αὐτοῦ
1007 1457 1042 1522 δὲ
1061 1451 1207 1543 ῥήματος
1225 1455 1279 1540 (sc.

108 1562 216 1651 ἔδειν)
243 1566 301 1630 καὶ
328 1558 347 1630 ὃ
380 1556 464 1651 παρ’
487 1563 613 1649 Αἰλίῳ
640 1565 836 1649 Διονυσίῳ
866 1562 1103 1650 ἐδέατροςῑ),
1135 1563 1212 1648 περὶ
1240 1551 1281 1627 οὗ

106 1671 197 1757 λέγει
221 1669 363 1752 ἐκεῖνος,
391 1661 506 1737 ὅτιτὸ
533 1671 595 1756 μὲν
618 1664 725 1755 ὄνομα
744 1663 951 1758 Ἑλληνικὸν,
979 1663 998 1757 ἡ
1024 1670 1059 1735 δὲ
1080 1671 1173 1755 χρεία
1196 1671 1279 1753 Περ-

108 1775 195 1867 σική.
236 1766 279 1866 ἦν
302 1778 353 1859 δέ,
380 1794 488 1865 φησι,
515 1774 720 1866 προγεύστας
747 1780 944 1864 προεσθίοον
967 1785 1029 1843 τοῦ
1050 1777 1211 1859 βασιλέως
1234 1775 1280 1854 είς

198 2047 221 2115 ⁸)
239 2049 284 2103 An
296 2050 397 2119 χρῆσις
410 2047 496 2103 fuerit
508 2047 631 2116 antique,
647 2046 760 2101 dubium
776 2052 826 2101 est.
847 2047 946 2115 Attuli,
962 2047 1034 2114 quod
1046 2061 1137 2114 neque
1156 2061 1200 2115 ep.
1213 2047 1278 2100 Ath.

108 2137 153 2204 (ci.
177 2138 197 2192 l.
220 2137 238 2192 1.
263 2155 290 2208 p.
313 2137 412 2205 2980)
441 2153 532 2207 neque
560 2137 634 2206 epud
661 2142 769 2192 veteres
797 2137 831 2191 de
861 2136 925 2191 hist.
945 2135 1027 2190 enim.
1051 2138 1165 2204 agentes
1189 2134 1280 2189 simile

110 2227 260 2296 quicquam
277 2226 405 2296 indagari
423 2226 522 2296 potuit.

155 2315 216 2370 146.
235 2316 257 2384 ¹)
276 2314 312 2370 cf.
326 2313 359 2369 fr.
375 2316 435 2381 230,
454 2319 510 2369 not.
529 2317 554 2370 3.
574 2314 705 2383 σκαφίον.
725 2314 1050 2377 scemmenstete,
1070 2314 1119 2368 sed
1131 2313 1180 2380 ita,
1199 2315 1230 2366 ut
1249 2309 1280 2366 ἐν

107 2407 172 2477 χρῷ
196 2406 396 2475 παραπλεῦσαι
425 2407 454 2458 et
481 2403 556 2458 locus
586 2403 709 2475 Thucyd.
737 2403 766 2457 in
788 2403 914 2458 omnibus
941 2419 1004 2458 mss.
1029 2401 1141 2457 deficiet
1167 2405 1279 2470 praeter

107 2493 300 2548 Florentinum
327 2491 372 2561 (cf.
392 2492 464 2547 Mill.
482 2493 548 2548 Mel.
567 2510 594 2562 p.
613 2494 658 2560 98)
687 2498 715 2546 εί
742 2492 827 2546 tertie
850 2493 941 2562 glossa
964 2488 995 2547 ἐν
1015 2495 1077 2564 χρῷ
1101 2488 1279 2562 κεκαρμένος

110 2582 286 2650 adhibeatur,
307 2598 377 2651 ques
396 2581 471 2637 redit
489 2598 533 2652 ep.
553 2582 628 2638 Suid.
647 2582 715 2637 Lex.
734 2583 847 2636 Bechm.
867 2582 928 2646 223,
947 2583 972 2636 4.
991 2579 1060 2636 Poll.
1080 2580 1114 2634 Il.
1134 2580 1177 2635 33.

200 2671 221 2738 1)
240 2671 322 2727 Oonv.
341 2671 407 2726 Hes.

200 2759 222 2830 ⁸)
241 2759 282 2816 ef.
300 2761 402 2832 Phryn.
421 2760 488 2816 Iob.
508 2777 535 2831 p.
554 2761 597 2817 60.
616 2761 684 2816 Poll.
703 2762 738 2815 II.
757 2762 806 2827 33,
826 2760 873 2830 qui
892 2776 927 2815 ex
948 2757 1123 2814 Pherecratis
1142 2756 1278 2827 Fugitivis

109 2866 205 2906 vocem
223 2850 327 2905 landet.

197 2941 220 3008 ⁴)
239 2939 328 2996 sohel.
339 2938 426 2994 Thuc.
437 2940 472 2994 II.
486 2939 521 2994 84
539 2963 574 2984 =
593 2938 668 2994 Suid.
689 2935 720 2994 έν
736 2941 799 3011 χρῷ
818 2939 1030 3008 παραπλεῦσαι,
1051 2937 1122 3006 quod
1141 2936 1277 2992 atticiste-

108 3046 169 3085 rum
189 3044 252 3084 esse
271 3044 379 3098 censeo,
399 3045 460 3084 cum
480 3020 554 3092 εἶδος
572 3031 678 3100 κουρᾶς
696 3029 732 3083 ed
750 3027 920 3099 Thucydidis
943 3027 1034 3082 locum
1051 3026 1165 3082 minime
1184 3031 1279 3097 aptum

107 3118 251 3186 offeretur,
270 3117 306 3174 cf.
325 3118 401 3174 stud.
420 3117 496 3186 Lips.
516 3119 562 3174 IV.
582 3136 608 3187 p.
629 3120 688 3174 101.

198 3205 321 3277 ⁸)Conv.
340 3207 405 3262 Hes.
424 3207 467 3261 Ex
490 3209 521 3261 Β.
541 3209 574 3262 A.
593 3207 641 3276 46,
666 3209 708 3261 17.
736 3206 888 3278 κεχρίσθαι
908 3206 1045 3279 σκορπίῳ.
1078 3200 1141 3261 ἄντί
1159 3209 1210 3262 τοῦ
1230 3223 1278 3261 πε-

108 3295 249 3370 πληγέναι
275 3289 333 3353 ὕπὸ
361 3297 501 3367 σκορπίου
528 3299 577 3350 καί
607 3291 658 3351 σὺν
685 3299 721 3366 τῇ
744 3294 885 3368 προθέσει
909 3292 1094 3367 ἐγκεχρίσδαι
1117 3295 1278 3366 Dionysium

109 3387 252 3459 σκορπίον
279 3401 373 3441 vocem
395 3401 450 3440 non
473 3386 610 3441 obiectivo
633 3387 683 3440 sed
706 3386 857 3442 subiectivo
881 3402 963 3440 sensu
986 3384 1146 3440 adhibuisse
1169 3384 1277 3454 perspi·

108 3492 190 3532 cuum
208 3478 260 3530 est.

153 3564 215 3620 147.
235 3563 258 3634 ¹)
277 3563 377 3620 Totum
391 3565 481 3620 locum
496 3563 661 3619 verbotenus
677 3564 795 3633 praebet
809 3563 883 3618 Suid.
895 3568 923 3617 et
936 3564 981 3618 Et.
994 3564 1032 3617 M.
1042 3563 1103 3629 316,
1113 3563 1156 3627 37,
1167 3560 1214 3630 qni
1227 3561 1277 3615 sub

108 3653 194 3709 hem
213 3653 314 3709 edicit:
333 3642 424 3717 οὕτως
443 3643 581 3724 siponeis
599 3648 632 3708 τδ
651 3656 766 3723 πρῶτον
784 3647 904 3717 λεξικόν.
930 3648 961 3706 ἐν
980 3649 1011 3706 δὲ
1029 3654 1069 3723 τῷ
1089 3647 1212 3722 δευτέρῳ
1233 3639 1277 3704 εὗ-

108 3761 160 3814 ρον
183 3731 286 3807 οὕτως·
319 3737 453 3812 ἐδεάτρος
471 3736 487 3796 ὃ
507 3737 554 3797 ἐπί
576 3743 634 3795 τῶν
657 3736 779 3808 διδίμοιν
797 3741 880 3811 (sylb.
900 3757 968 3794 corr.
989 3736 1143 3807 ἐδωδίμων)
1162 3740 1278 3806 καὶτῆς

107 3825 240 3900 τοιαύτης
254 3834 446 3902 παρασκευῆς.
466 3825 609 3903 ῥητορική.
625 3830 660 3886 cf.
675 3831 791 3900 Heyden
810 3847 837 3898 p.
855 3829 925 3894 208,
945 3829 992 3898 qui
1007 3828 1170 3884 Pausaniam
1189 3829 1277 3881 altere

108 3922 169 3977 loco
197 3919 352 3976 adhibitum
380 3935 441 3974 esse
470 3923 557 3990 putot.
595 3920 726 3975 Breviore
750 3920 815 3973 Hes.
840 3921 964 3973 Ammon.
988 3935 1015 3987 p.
1039 3918 1081 3971 48.
1105 3916 1203 3972 Volck.
1231 3916 1277 3983 (cf.

107 4009 185 4064 Επεὶ.
206 4009 285 4078 1766,
303 4010 347 4064 43.
367 4009 444 4072 1874,
464 4009 507 4064 32.
527 4009 587 4077 773,
607 4010 660 4076 40).
697 4009 813 4062 Fontem
834 4022 980 4076 cognosces
998 4005 1085 4060 fuisse
1104 4005 1278 4074 Pamphilum

109 4113 144 4154 ex
162 4098 229 4153 Ath.
252 4098 299 4154 IV.
320 4098 416 4153 171.Β.
440 4096 489 4166 (cf.
509 4097 611 4152 Neber.
635 4098 707 4152 Prol.
731 4114 757 4165 p.
777 4098 844 4162 21),
868 4095 916 4165 qui
938 4096 999 4166 ipse
1022 4095 1190 4150 Artemidori
1213 4094 1277 4149 Ari-

109 4186 256 4258 stophenei
284 4188 390 4256 glossas
413 4185 574 4256 exscripsit,
599 4184 634 4240 cf.
653 4186 751 4241 Velck.
770 4186 841 4240 Adn.
860 4203 887 4255 p.
906 4186 948 4240 73.
967 4185 1039 4240 Prol.
1059 4202 1085 4254 p.
1105 4187 1147 4240 66.
1175 4185 1276 4252 Verba,

109 4291 189 4346 quse,
208 4275 306 4332 socole
324 4278 394 4346 φησί
413 4276 549 4345 seductus,
568 4275 655 4346 ipsius
668 4274 744 4330 Aelii
761 4275 910 4345 putaveris,
927 4275 1031 4346 χρῆσιν
1040 4274 1211 4330 Artemidori
1229 4289 1276 4328 ex·

108 4364 216 4434 hibent,
235 4380 306 4436 quse
324 4381 377 4436 per
393 4365 570 4436 Pamphilum
589 4369 618 4422 et
630 4363 792 4437 Dionysium
810 4366 846 4422 ad
864 4365 1042 4421 Eustethium
1061 4363 1276 4434 transmigravit.
