3000 5040
658 229 719 298 147

101 380 157 457 διά
180 381 221 456 τδ
243 386 436 476 πλαγιάζειν
458 397 500 474 τῇ
521 393 606 477 χειρὶ
633 389 670 457 έν
696 399 746 478 τῷ
772 403 913 479 μετρεῖν.
948 388 1112 478 δόχμιον
1137 385 1200 480 γάρ
1227 387 1264 462 τί

98 493 245 582 πλάγιον
255 497 296 585 1)
334 488 420 564 άίστε
448 485 547 575 οὗτος
574 495 803 585 προϋπάρχειν
825 495 982 580 βούλεται
1004 507 1062 586 τῆς
1086 495 1206 587 δόχμης
1227 493 1267 567 τὸ

100 599 248 690 δόχμιον.

192 711 263 776 137.
295 711 467 778 Eustath.
486 735 515 796 p.
537 711 631 789 1065,
650 713 679 776 2.
712 710 749 777 ὲκ
767 718 829 778 τοῦ
851 713 973 798 πέμπω
993 714 1268 799 δυσπέμφελος

99 809 187 882 κατὰ
210 818 456 898 Παυσανίαν,
478 826 588 904 τροπῇ
610 826 673 884 τοῦ
694 841 720 884 π
744 818 790 897 είς
813 844 853 902 φ,
878 816 1093 906 δυσάρεστος,
1114 813 1269 905 χαλεπὸς,
1296 837 1309 877 ⁵

98 925 336 1010 μεμψίμοιρος,
364 913 405 990 οὗ
430 933 543 1012 χρῆσις
569 917 653 1012 παρ’
671 917 811 1010 Ἡσιόδῳ
839 927 969 1011 (Theog.
993 929 1066 994 440.
1091 928 1169 1013 Opp.
1190 930 1268 1013 722)

101 1033 160 1096 καὶ
181 1023 273 1118 παρὰ
294 1039 345 1116 τῷ
362 1040 484 1118 ποιητῇ
495 1035 530 1118 1).
563 1033 609 1097 ib.
628 1055 657 1117 p.
680 1034 774 1111 1084,
792 1034 843 1101 42.
867 1032 979 1099 ἰστέον
999 1035 1033 1099 δὲ
1053 1026 1105 1100 ὅτι
1127 1027 1168 1101 τὸ
1193 1037 1270 1101 δυσ-

98 1137 270 1223 πέμφελσς
293 1131 447 1222 ὀφεῖλον,
475 1128 521 1216 σάς
543 1163 612 1205 που
635 1140 692 1204 καὶ
719 1136 945 1227 προεδηλαίθη
974 1134 1028 1206 διὰ
1055 1148 1117 1208 τοῦ
1142 1166 1169 1207 π
1191 1138 1269 1228 γρά-

99 1251 241 1328 φεσθαι,
270 1236 360 1330 ὅμως
389 1247 484 1312 δοκεῖ
508 1246 628 1331 τρέψαι
657 1237 740 1311 αὐτὸ
769 1245 815 1324 είς
842 1271 867 1330 φ
895 1239 981 1333 πρὸς
1005 1240 1185 1336 διαστολὴν
1206 1255 1269 1314 τοῦ

98 1351 336 1438 πέμπελσς1)
360 1342 380 1417 ὃ
404 1343 600 1440 γεροντικὴν
623 1344 755 1440 ἡλικίαν
780 1354 882 1439 δηλοῖ.
1282 1371 1308 1410 10

191 1459 288 1526 137a.
308 1458 635 1526 Schol.Plut.Mor.
644 1462 723 1545 περὶ
737 1461 907 1538 δυσωπίας
925 1483 994 1546 pag.
1006 1462 1070 1526 528
1081 1464 1116 1549 ¹).
1141 1459 1269 1548 οἱπερὶ

93 1557 239 1653 Ἀττικῆς
270 1561 459 1652 γράψαντες
492 1568 672 1653 συνηθείας
704 1564 986 1651 ἐπιλαμβάνονται
1012 1576 1074 1634 τοῦ
1102 1560 1268 1654 ὀνόματος

98 1680 158 1759 τῆς
182 1674 354 1750 δυσωπίας
377 1665 424 1752 ὡς
446 1665 618 1758 άδοκίμου.
643 1666 682 1739 τὸ
706 1667 768 1760 γὰρ
788 1676 1019 1742 δυσωπεῖσθαι
1042 1667 1105 1741 οὐκ
1129 1675 1182 1742 ἐπὶ
1206 1685 1268 1743 τοῦ

100 1778 282 1862 αἰδεῖσθαι,
309 1773 385 1846 ἀλλ’
409 1779 465 1847 ἐπὶ
486 1787 549 1846 τοῦ
571 1774 767 1866 ὑφορᾶσθαι
795 1784 851 1846 καὶ
875 1783 1018 1849 δεδιέναι
1042 1779 1266 1868 ἐκλαμβάνον-

98 1909 166 1952 ται·
196 1889 252 1952 καὶ
275 1884 485 1965 Διονύσιος
513 1888 549 1954 δὲ
578 1887 618 1954 έν
646 1897 691 1972 τῇ
714 1891 965 1975 πενταβίβλῳ
989 1896 1068 1955 τῶν
1089 1883 1267 1957 Ἀττικῶν
1282 1903 1307 1944 1⁶

99 1985 309 2078 ὀνομάτων
327 2002 394 2081 τῆς
411 1991 568 2081 πρώτης
588 1991 784 2072 ἐκδόσεως
803 1989 856 2079 (οὐ
872 1992 1000 2083 δύσερις
1011 2000 1047 2084 1),
1065 1999 1167 2084 φησίν
1186 2000 1267 2082 [cod.

98 2102 204 2187 φησὶ)
228 2093 290 2166 οὐκ
309 2098 470 2188 έριστική)
490 2093 598 2180 οὕτως
618 2103 729 2190 φησὶν,
752 2093 806 2168 ὅτι
826 2103 1098 2170 δυσωπεῖσθαι
1118 2097 1199 2170 αάτὸ
1220 2104 1268 2170 αί-

100 2209 242 2288 δεῖσθαι,
262 2199 345 2272 ἀλλὰ
363 2199 403 2273 τὸ
421 2201 504 2293 μεθ’
522 2202 685 2287 ὑπονοίας
703 2213 883 2292 φοβεῖσθαι
902 2208 934 2275 οἳ
947 2202 1087 2276 Ἀττικοὶ
1105 2211 1266 2296 λέγουσιν.

98 2404 186 2458 latam
204 2404 318 2470 accedo,
344 2406 393 2458 sed
416 2406 489 2473 quod
511 2405 640 2460 notitiam
663 2407 788 2460 codicum
807 2407 949 2460 meliorum
969 2423 1023 2461 non
1041 2408 1199 2463 Herodiano
1218 2423 1266 2478 ap-

99 2496 166 2557 tam,
186 2493 235 2547 sed
254 2492 395 2547 atticistae
414 2493 553 2562 propriam
572 2493 658 2549 fnisse
677 2496 845 2550 verisimile
864 2503 913 2550 est.

188 2581 209 2650 1)
229 2581 310 2635 Gonv.
334 2582 379 2637 Et.
402 2583 440 2636 M.
463 2583 529 2651 285,
549 2584 591 2638 18.
616 2584 680 2639 Ηεε.
700 2585 789 2639 Schol.
809 2587 856 2640 Ar.
875 2585 926 2652 Eq.
947 2586 1006 2639 318.
1025 2585 1109 2639 Plura
1127 2601 1171 2653 ap.
1191 2584 1265 2639 Suid.

96 2669 165 2724 Lex.
185 2671 298 2724 Bachm.
317 2671 379 2739 201,
399 2673 441 2727 15.

188 2757 209 2826 ³)
228 2759 309 2814 Conv.
330 2760 394 2815 Hes.
414 2761 488 2816 Suid.
508 2761 634 2830 Apollon.
654 2762 708 2816 lex.
728 2763 799 2816 hom.
819 2763 861 2828 60,
881 2763 906 2816 4.
925 2763 1012 2817 Bekk.
1027 2762 1071 2817 Et.
1091 2763 1128 2816 M.
1148 2763 1264 2828 285,13.
1319 2811 1322 2815 ,

98 2847 133 2902 ci.
152 2836 214 2902 lex‘
226 2850 298 2904 rhet.
316 2848 350 2904 fr.
369 2851 429 2904 355.

143 2939 203 2993 137.
222 2939 245 3005 ¹)
260 2939 319 2994 Iam
338 2939 508 2993 Zenodotum
528 2937 742 3009 δυσπέμφελον·
764 2935 941 3010 δυσάρεστον
959 2939 1062 2995 dixisse
1082 2942 1162 2995 docet
1181 2941 1264 2995 schol.

96 3027 166 3081 Ven.
186 3028 220 3082 Δ.
240 3027 268 3080 11
287 3027 346 3083 747.
366 3028 503 3094 (Eustath.
521 3030 596 3094 1084,
615 3031 669 3096 39.)
687 3029 842 3084 Pausaniae
861 3029 987 3083 doctrina
1005 3030 1142 3098 repetitur
1160 3028 1264 3085 aSuid.

96 3115 162 3171 Hes.
182 3133 204 3170 s.
224 3133 248 3171 v.
268 3111 481 3185 δυσπάμφαλος,
502 3115 708 3186 δυσπέμφελος.
728 3119 773 3173 Et.
792 3119 830 3172 M.
849 3119 909 3184 292,
930 3120 972 3173 34.

186 3205 207 3272 1)
225 3205 354 3260 Fortasse
373 3206 558 3261 atticistarum
577 3206 648 3273 fuit,
669 3207 703 3261 cf.
723 3207 797 3262 Suid.
818 3208 884 3262 Hes.

144 3295 227 3352 1375.
250 3295 269 3364 1)
284 3294 391 3350 Primus
410 3295 514 3364 publici
534 3296 602 3350 iuris
621 3295 689 3351 fecit
707 3297 820 3350 Maxim.
840 3296 931 3363 Trou„
950 3298 1044 3366 Progr.
1064 3313 1153 3366 gymn.
1173 3297 1266 3350 laura-

96 3383 200 3439 riensis
216 3384 285 3439 1871
302 3402 328 3454 p.
340 3385 428 3440 10.-
442 3385 607 3440 Accuratius
627 3386 661 3440 de
680 3391 737 3440 toto
756 3387 815 3440 loco
835 3385 892 3454 egit
910 3386 1015 3440 Usener
1033 3386 1062 3440 in
1080 3385 1194 3440 Jahrbb.
1214 3385 1265 3438 vol.

96 3473 158 3527 140.
177 3489 205 3542 p.
225 3474 285 3528 387.
298 3491 335 3542 sq.
355 3475 495 3530 -Plane
515 3475 638 3530 atticista
662 3475 782 3529 concinit
806 3492 867 3529 cum
885 3477 930 3531 Et.
950 3477 988 3530 M.
1008 3493 1035 3544 p.
1055 3477 1119 3540 292,
1139 3477 1194 3541 52,
1220 3473 1267 3541 qni

96 3561 205 3631 etipse
223 3568 356 3631 provocat
375 3566 411 3618 ad
429 3564 539 3619 lexicon
562 3565 729 3619 rhetoricum
753 3566 836 3630 (unde
855 3565 982 3635 Heydeni
1001 3565 1077 3618 Stud.
1096 3564 1171 3632 Lips.
1191 3563 1266 3616 Vlll.

95 3669 121 3722 p.
141 3653 195 3708 246
214 3653 384 3722 coniectura,
404 3655 457 3707 lex.
476 3655 547 3708 rhet.
567 3654 641 3708 idem
660 3670 720 3708 esse
740 3659 824 3722 atque
844 3655 1008 3720 atticistam‚
1028 3652 1186 3715 stabilitur).
1224 3653 1266 3708 si-

95 3741 175 3796 milia
197 3758 242 3811 ap.
262 3743 335 3797 Suid.
355 3743 391 3811 gl.
412 3744 436 3797 1.
456 3743 564 3808 (Altera
582 3744 618 3812 gl.
638 3760 673 3797 cx
692 3744 826 3812 Harpocr.
846 3744 967 3812 epitoma
990 3742 1088 3807 fluxit.)
1111 3742 1175 3795 Hes.
1196 3741 1267 3798 Tim.

95 3830 149 3884 lex.
168 3831 240 3885 Plat.
259 3831 347 3886 Schol.
366 3832 436 3885 Plat.
457 3833 540 3901 Legg.
567 3849 592 3901 p.
613 3834 705 3887 933Α.
729 3834 759 3886 Β.
779 3835 811 3887 Α.
833 3833 898 3897 234,
918 3835 959 3886 23.
984 3832 1055 3885 Μ111.
1075 3831 1138 3884 Mel.
1158 3847 1184 3899 p.
1204 3831 1265 3884 400.

95 3920 181 3975 Moer.
200 3937 227 3988 p.
242 3921 301 3989 194,
314 3921 357 3974 22.
377 3921 464 3974 Bekk.
484 3923 681 3976 δυσωπεῖσθαι
700 3917 763 3975 άντῖ
782 3923 833 3975 τοῦ
845 3923 1002 3992 φοβεῖσθαι
1019 3916 1141 3981 Ἀττικοί,
1162 3911 1201 3983 ὡς
1217 3921 1264 3973 καί

96 4002 220 4062 Πλάτων
238 4004 270 4062 ἐν
291 4008 413 4081 Φαίδρῳ.
436 4014 561 4079 χρῶνται
580 4008 608 4063 δ’
628 4008 706 4082 αὐτῷ
725 3999 893 4078 οίἝλληνες
905 4004 967 4062 ἄντί
986 4012 1037 4063 τοῦ
1057 4005 1208 4062 αἰδεῖσθαι.
1229 4007 1263 4063 cf.

96 4097 185 4152 Schol
204 4097 275 4153 Plat.
295 4099 413 4153 Phaedr.
434 4116 460 4168 p.
481 4101 572 4153 24211.

185 4187 206 4254 1)
224 4189 269 4242 An
281 4187 388 4242 Usener
406 4188 424 4241 l.
438 4189 456 4241 l.
470 4188 555 4243 verba
573 4190 688 4242 obscura
706 4193 782 4242 recte
796 4187 988 4256 explicaverit,
1007 4191 1052 4252 (ex
1064 4185 1155 4240 verbis
1173 4186 1263 4241 lexico

95 4275 222 4346 Dionysii
235 4275 418 4346 praescriptis
432 4277 522 4345 petita
536 4281 606 4343 esse)
618 4279 797 4332 vehementer
812 4276 915 4331 dubito.
934 4278 1007 4331 Loco
1018 4292 1051 4330 ea
1065 4281 1152 4330 motas
1163 4291 1222 4331 esse
1236 4279 1265 4329 et

95 4363 214 4432 glossam
232 4365 363 4418 δυσωπία
381 4365 468 4431 (cuius
485 4365 586 4421 lemma
604 4382 648 4436 ap.
662 4366 736 4420 Suid.
751 4365 838 4436 extat)
852 4366 1006 4434 explicasse
1026 4365 1140 4421 credere
1158 4365 1262 4420 malim.

998 4455 1051 4510 10*
