3000 5040
810 269 875 336 144

344 431 417 496 129.
450 429 621 495 Eustath.
640 452 670 513 p.
691 427 764 507 757,
783 430 834 497 52.
868 427 981 495 ἰστέον
1000 427 1046 510 δὲ,
1069 417 1117 506 ὡς
1135 424 1164 494 εἰ
1186 429 1245 496 καὶ
1266 429 1431 517 περὶτοῦ

255 543 379 619 §mercori
402 532 589 623 ἐγκεφάλου
614 532 770 623 ἐδηλώθη
793 528 835 601 τα
854 532 1014 623 ῥηθέντα,
1038 525 1128 620 ὅμως
1146 527 1236 614 Διὸς
1260 535 1430 622 ἐγκέφα-

254 632 521 730 λος1)ἦνκατο“ι
542 645 775 710 Παυσανίαν
797 638 978 709 κάλλιστόν
1001 665 1035 706 τι
1056 646 1182 728 βρῶμα.
1216 635 1322 710 ὁποῖα
1344 643 1428 722 ἴσως

254 752 311 816 καί
338 743 380 815 τὰ
408 742 499 835 παρὰ
526 758 576 835 τῷ
599 757 739 835 κωμικῷ
767 738 804 814 εύ
831 742 999 836 ἠρτυμένα
1026 750 1110 835 θρία
1136 757 1200 815 τοῦ
1227 747 1428 835 ἐγκεφάλου.

228 885 241 924 ο
347 859 417 923 130.
451 858 624 924 Eustath.
644 880 673 940 p.
693 858 820 934 341,4.
852 856 991 933 Αίλιος
1019 855 1055 921 δὲ
1083 853 1309 938 Διονύσιος,
1338 845 1429 942 ivm

255 965 422 1030 συνέθετο
437 969 568 1050 λεξικῳ,
587 981 681 1050 φησι·
703 962 847 1049 διέτης,
866 963 1020 1050 τριέτης
1038 961 1228 1050 πεντέτης
1242 965 1300 1028 καί
1314 959 1429 1030 πάντα

254 1064 296 1137 τὰ
321 1064 420 1156 ὅμοια
442 1067 647 1157 βαρύνουσιν
660 1063 811 1150 Ἀττικοὶ,
834 1069 1065 1156 προφέροντες
1083 1077 1134 1155 τῷ
1152 1065 1244 1155 τόνῳ
1264 1061 1311 1148 ὡς
1335 1062 1429 1155 εύερ-

253 1178 384 1265 γέτηςῑ)
408 1179 453 1244 ib.
473 1201 502 1261 p.
525 1177 666 1253 1459,1.
692 1173 778 1242 ἔνθα
801 1178 859 1241 καὶ
882 1167 945 1261 όρα
967 1168 1008 1242 τό
1031 1171 1249 1254 πεντόετες
1267 1178 1325 1241 καί
1344 1171 1429 1258 ἑξά-

255 1308 353 1365 ετες,
376 1277 461 1350 καθ’
476 1277 659 1370 ὁμοιότητα
676 1283 897 1368 παραχθέντα
915 1291 978 1349 τοῦ
996 1285 1162 1370 τρίετες,
1184 1284 1263 1370 περὶ
1281 1272 1324 1349 οὗ
1341 1305 1429 1368 προ-

215 1419 241 1458 1o
254 1392 443 1477 γέγραπται.
468 1393 525 1456 καὶ
547 1398 610 1456 τοῦ
633 1383 834 1470 αύτόετες,
857 1380 876 1456 ό
897 1388 933 1456 ἐν
955 1403 1027 1468 τοῖς
1046 1385 1119 1478 ἑξῆς
1136 1413 1205 1456 που
1227 1385 1431 1477 λεχθήσεται

255 1498 298 1586 (p.
321 1499 415 1576 1470,
437 1499 492 1584 16)
516 1499 571 1563 καὶ
595 1504 658 1564 τοῦ
682 1493 871 1579 εἰνάετες,
895 1487 1009 1582 όμετ’
1028 1489 1124 1582 ὀλίγα
1141 1507 1249 1562 κεῖται
1267 1487 1360 1582 παρὰ
1377 1503 1430 1582 τῷ

255 1613 377 1691 ποιητῇ
387 1606 423 1691 ²).

346 1712 417 1776 131.
446 1710 617 1776 Eustath.
635 1733 665 1794 p.
686 1711 761 1788 368,
781 1712 809 1777 8.
834 1708 867 1776 οί
887 1709 923 1776 δὲ
942 1711 1134 1795 σχολιοισταὶ
1152 1700 1256 1776 odra·
1284 1713 1430 1796 Φθιρῶν

255 1810 335 1902 όρος
357 1818 493 1903 Καρίας,
515 1817 594 1902 περὶ
616 1819 780 1904 Μίλητον,
802 1809 931 1894 πολλὰς
954 1813 1041 1901 έχοον
1063 1819 1172 1898 πίτυς,
1195 1805 1245 1882 οόν
1267 1811 1311 1882 τὰ
1335 1815 1429 1898 ἐξαν-

216 1948 241 1989 16
255 1922 390 2009 θήματα
413 1913 503 1989 ούτοο
527 1928 687 2003 καλεῖται,
711 1918 757 2002 ὡς
780 1915 880 2008 όμοια
899 1924 1069 2010 φθειρσὶν,
1092 1923 1127 1990 οἳ
1143 1925 1200 1989 καὶ
1219 1925 1352 2010 όίρκοι
1370 1947 1430 1989 κα-

256 2034 409 2110 λοῦνται,
441 2022 488 2107 σός
521 2030 618 2116 δηλοῖ
647 2032 875 2108 Παυσανίας
913 2030 949 2097 έν
980 2037 1031 2116 τῷ
1063 2021 1141 2096 κατ’
1169 2022 1274 2096 αύτύν
1305 2033 1430 2116 λεξικηύ

256 2126 375 2201 εἰπαίν·
401 2137 522 2222 ύίρκοι·
548 2134 581 2201 οἳ
603 2142 742 2223 φθεῖρες
751 2139 787 2224 ¹).

347 2244 418 2309 132.
451 2243 626 2309 Eustath.
644 2267 673 2328 p.
694 2245 772 2320 882,
798 2244 885 2330 121).
927 2233 980 2309 ότι
1004 2243 1040 2309 δὲ
1064 2235 1082 2310 ό
1108 2244 1285 2331 όίφρος3)
1317 2244 1376 2308 καὶ
1409 2235 1429 2309 ό

255 2434 359 2508 Ἀττικὴ
371 2437 402 2494 δέ
416 2433 433 2508 ἡ
449 2437 531 2504 λέξις,
546 2435 663 2506 κειμένη
678 2439 728 2492 καί
742 2435 822 2509 παρ’
833 2432 1071 2509 Ἀριστοφάνει
1085 2434 1120 2493 έν
1131 2435 1295 2502 Ἀττικαῖς
1307 2434 1429 2503 λέξεσι

257 2532 307 2583 καί
322 2526 393 2600 παρ’
408 2524 538 2601 Αἰσχύλῳ
554 2524 585 2582 έν
599 2522 719 2599 Σισύφῳ
735 2526 777 2594 (fr.
788 2528 851 2594 232)
865 2529 914 2581 καί
929 2522 1067 2597 Εὐριπίδη
1087 2523 1119 2582 έν
1132 2520 1290 2599 Ἱππολύτῳ
1308 2524 1353 2595 (fr.
1364 2527 1429 2594 447)

256 2618 365 2673 Nauck.
380 2620 429 2672 Ar.
442 2619 507 2687 Byr.
520 2635 547 2686 p.
562 2619 621 2672 186.
638 2622 667 2670 et
684 2617 756 2670 Prol.
771 2633 797 2684 p.
810 2618 853 2671 57.
864 2632 902 2684 sq.
922 2615 1054 2671 Schmidt.
1074 2615 1186 2684 quidem
1204 2615 1249 2684 (ad
1268 2615 1336 2670 Hes.
1350 2615 1385 2684 gl.
1400 2616 1428 2683 2)

258 2706 356 2761 diouov
371 2707 406 2760 ud
421 2707 522 2760 Aesch.
535 2707 610 2760 Pers.
623 2705 667 2760 44.
681 2705 799 2760 rettulit.
828 2705 890 2761 Non
908 2709 1002 2758 tamen
1020 2709 1071 2770 est,
1091 2720 1140 2759 cur
1158 2704 1188 2759 id
1205 2704 1280 2774 apud
1297 2703 1427 2759 Eustath.

258 2794 362 2850 iactum
385 2797 524 2863 putemus3
553 2793 689 2863 imprimis
713 2795 786 2848 alter
808 2793 885 2848 locus
908 2809 962 2848 non
981 2793 1018 2847 ad
1035 2793 1182 2848 Persarum
1199 2809 1280 2862 reges
1300 2793 1427 2862 quadrat.

257 2885 302 2938 Ad
321 2882 475 2937 atticistam
495 2887 523 2936 et
541 2882 631 2938 locum
651 2899 686 2937 ex
704 2881 838 2952 Aeschyli
856 2882 974 2952 Sisypho
992 2881 1110 2950 petitum
1129 2881 1241 2952 propius
1260 2881 1379 2937 accedit.

302 2972 362 3024 129.
381 2971 403 3038 ¹)
423 2970 457 3024 cf.
477 2971 551 3024 Suid.
572 2967 638 3035 Διὸς
656 2967 823 3042 ἐγκέφαλος.
843 2964 877 3024 τὸ
894 2964 1045 3024 κάλλιστον
1063 2972 1178 3040 βρῶμα·
1199 2957 1274 3025 ούτω
1293 2966 1429 3040 λέγουσιν

258 3056 285 3113 οἰ
310 3055 423 3129 Πέρσαι
452 3053 499 3112 έπί
521 3061 579 3112 τῶν
602 3053 835 3127 ἡθνπαθούντων.
863 3049 883 3127 ἢ
905 3056 1077 3130 βασιλέως
1100 3055 1305 3130 ἐγκέφαλος.
1333 3058 1428 3114 Verba

258 3147 357 3201 ultima
375 3148 411 3200 ad
430 3150 479 3201 att.
498 3146 602 3216 refero,
627 3164 688 3202 cum
707 3148 808 3218 ubique
826 3154 984 3215 recurrant,
1009 3147 1043 3203 cf.
1064 3147 1136 3203 Plut.
1156 3148 1198 3204 63.
1217 3148 1297 3216 Diog.
1316 3147 1363 3202 IV.
1383 3147 1427 3202 24.

256 3237 318 3291 Iam
331 3239 441 3290 veteres
453 3240 600 3304 utramque
614 3251 706 3290 escam
715 3236 756 3290 ita
769 3237 943 3291 coniunxisse
957 3240 1075 3307 apparet
1087 3252 1121 3291 ex
1134 3238 1235 3292 Athen.
1243 3235 1305 3291 XII.
1312 3237 1373 3292 529.
1383 3234 1427 3304 Ε,

258 3323 306 3394 qui
330 3341 365 3378 ex
389 3325 522 3378 clearcho
546 3324 646 3379 hausit.
665 3355 700 3365 -
724 3324 825 3380 Suidae
849 3326 935 3380 verba
958 3325 1096 3380 iterantur
1119 3342 1163 3395 ap.
1184 3325 1290 3380 Zenoh.
1315 3324 1364 3379 III.
1383 3324 1428 3379 41.

257 3417 301 3483 (=
321 3413 392 3468 Mill.
411 3413 475 3468 Mel.
495 3430 522 3482 p.
541 3413 615 3481 373),
641 3412 687 3481 qui
707 3414 870 3468 clearchum
890 3409 921 3469 ἐν
940 3411 1063 3488 πέμπτῳ
1084 3416 1151 3486 περὶ
1169 3414 1240 3486 βίον
1257 3416 1359 3468 testem
1378 3429 1425 3482 ap·

257 3503 353 3574 pellat.
386 3504 488 3557 Athen.
507 3503 569 3556 XII.
589 3503 670 3558 514u
693 3518 759 3557 vero
781 3503 965 3571 fragmentum
985 3504 1076 3574 ipsum
1094 3519 1130 3557 ex
1147 3503 1219 3558 libro
1238 3505 1360 3571 quarto
1379 3501 1428 3558 ad·

258 3593 321 3648 fert.
350 3592 415 3647 Hes.
434 3607 533 3647 nomen
553 3591 680 3646 clearchi
699 3592 786 3647 solum
804 3593 930 3662 protulit.

303 3683 363 3736 130.
383 3683 404 3748 1)
422 3681 514 3751 Apion
537 3686 566 3735 et
589 3681 747 3736 Herodorus
771 3682 946 3750 grammatici
969 3687 1034 3738 ante
1057 3682 1127 3736 haec
1146 3679 1272 3752 Dionysii
1290 3679 1376 3736 verba
1397 3681 1430 3736 in

258 3769 425 3826 contrarium
444 3769 663 3839 disputaverunt.
691 3769 732 3825 uf.
747 3770 815 3824 Poll.
831 3771 853 3824 I.
872 3771 916 3825 54.
935 3770 1062 3825 Eustath.
1081 3787 1108 3840 p.
1128 3770 1211 3838 1437,
1232 3770 1273 3825 10.
1302 3769 1430 3840 Dionysii

258 3859 424 3914 sententiam
442 3859 478 3914 ab
498 3859 623 3914 omnihus
641 3860 799 3929 probatam,
823 3860 924 3914 iterum
948 3860 1035 3914 hebes
1054 3860 1129 3929 apud
1146 3858 1249 3914 Herod.
1269 3857 1312 3914 ed.
1330 3857 1427 3913 Lenta.

257 3948 279 4004 Ι.
298 3950 341 4015 81,
362 3950 402 4002 10.
414 3963 499 4016 sqqu.,
518 3950 553 4002 II.
574 3949 634 4014 687,
654 3949 695 4002 11.
707 3964 785 4017 sqqu.

348 4035 369 4106 ²)
389 4036 424 4091 ad
442 4037 594 4092 atticistam
614 4037 774 4092 dubitanter
792 4035 898 4091 rettuli.
922 4038 954 4090 In
967 4036 1121 4091 Herodiani
1139 4034 1264 4103 reliquiis
1283 4035 1304 4090 I.
1323 4051 1351 4105 p.
1365 4036 1427 4102 350,

260 4124 301 4179 19.
320 4124 423 4193 legitur
445 4121 583 4194 αύτοετὴς
606 4122 751 4190 αύτοετές,
776 4121 809 4180 τὸ
834 4122 865 4179 δὲ
889 4119 1023 4190 αὐτόετες
1046 4121 1276 4197 έπιρρηματικῶς
1298 4139 1428 4195 προπαρ-

259 4206 396 4278 οξύνεται.

304 4303 362 4356 131.
383 4302 404 4369 1)
423 4302 563 4371 Nusquam
581 4304 708 4359 recurrit.

304 4391 363 4446 132.
383 4391 403 4458 1)
423 4391 549 4446 Alterum
568 4394 666 4459 locum,
686 4409 766 4460 quem
785 4392 861 4445 Eust.
881 4392 942 4460 ipse
956 4390 1060 4461 laudat,
1079 4392 1211 4460 indagare
1230 4409 1285 4447 non
1303 4390 1391 4462 potui.
