3000 5040
623 214 685 279 107

61 366 187 440 καὶτὰ
208 375 314 459 χείλη·
343 375 399 437 καί
424 364 516 457 ὀρῶν
540 369 652 454 λόφοι,
675 367 958 458 προσαναβάσεις,
981 366 1158 457 ὑπεροχαὶ,
1181 374 1238 437 καὶ

63 479 102 547 αἱ
123 491 195 559 τοῖς
216 475 402 563 κοιλώμασι
425 480 654 563 περικείμεναι
679 470 787 563 ὀφρῦς
796 477 833 565 ²).

72 635 74 639 «
154 588 207 652 45.
247 586 419 652 Eustath.
448 609 477 671 p.
509 586 609 662 1539,
638 587 689 650 26.
731 586 961 662 Παυσανίας
994 585 1032 650 δέ
1062 584 1239 670 (praecedit

62 695 104 762 fr.
127 695 215 779 170.)
236 708 316 779 φησι
335 693 392 756 καί
409 715 504 769 τινας
522 689 647 769 ἵππους
671 685 910 776 ἀμίππουςΙ)
930 683 1037 756 είπών
1061 682 1114 756 ὅτι
1137 681 1237 774 ἅμιπ-

62 823 126 867 ποι
136 798 235 866 ἵπποι
246 798 434 884 ἐζευγμέναι
441 800 544 884 χωρίς
554 800 686 883 δίφρου.
707 797 890 884 κληθέντες
900 789 1018 877 ούτοις,
1029 796 1111 877 ἐπεί,
1126 813 1238 883 φησιν,
1265 816 1278 855 ⁵

64 905 124 972 ἐπὶ
144 902 203 971 δύο
222 905 361 991 κέλητας
380 896 569 985 ἀνέβαινον,
594 897 612 970 ὁ
636 904 697 988 μὲν
716 896 873 990 ἡνιοχῶν,
896 896 915 969 ὁ
941 895 973 968 δ’
993 896 1144 990 ὁπλίτης·
1170 895 1238 968 α’πὸ

63 1015 183 1078 τοίνυν
201 1019 263 1077 τοῦ
281 1002 348 1096 ἅμα
367 1002 577 1096 ἀμφοτέρους
591 1012 794 1091 καθίζεσθαι
811 1009 839 1074 εἰ
857 1012 915 1075 καὶ
933 1009 1011 1098 ἰδίᾳ,
1030 1011 1142 1097 φησίν,
1162 1005 1237 1074 ἑκα-

64 1119 194 1204 τέρους,
218 1109 362 1202 ἅμιπποι
386 1115 419 1183 οἱ
441 1125 592 1183 τοιοῦτοι
616 1116 780 1202 ἐλέγοντο.
806 1109 841 1202 [η
863 1116 898 1181 δὲ
919 1123 1032 1203 χρῆσις
1054 1124 1117 1181 τοῦ
1140 1108 1239 1200 ἀμιπ-

63 1249 131 1314 πος
153 1226 210 1290 καὶ
232 1216 324 1309 παρὰ
346 1227 525 1306 Σοφοκλεῖ
546 1222 582 1288 έν
600 1216 769 1307 Ἀντιγόνῃ
789 1224 893 1309 (983).
913 1215 989 1287 ἀλλ’
1009 1220 1121 1306 οἱμὲν
1140 1214 1238 1306 ἅμιπ-

63 1355 126 1398 ποι
149 1327 288 1415 ἓτερεῖοι
309 1322 396 1415 πρὸς
418 1321 481 1396 τὸν
504 1329 626 1416 κέλητα
649 1333 736 1413 κτλ]
1253 1347 1279 1386 10

154 1438 206 1502 46.
239 1437 412 1502 Eustath.
432 1460 460 1520 p.
481 1437 555 1514 838,
574 1437 626 1500 54.
658 1437 887 1512 Παυσανίας
910 1436 1026 1520 φησὶν,
1050 1427 1096 1511 ὡς
1120 1428 1238 1519 ἀμολ-

64 1543 165 1630 γοὶῙ)
190 1541 344 1628 ἐλέγοντο
363 1543 421 1606 καὶ
440 1539 472 1606 οἱ
492 1535 692 1626 ἀμέλγοντες
709 1534 751 1606 τὰ
770 1533 869 1606 κοινὰ
892 1536 1029 1627 ῥήτορες
1046 1542 1104 1605 καὶ
1119 1541 1237 1622 διαφυ-

64 1657 206 1734 ροῦντες
228 1640 270 1714 τὰ
295 1643 449 1734 δημόσια·
474 1646 507 1714 οί
531 1641 564 1713 δ’
588 1642 685 1713 αύτοί
709 1664 791 1730 φασι
815 1648 929 1734 (Meier
952 1653 984 1712 et
1006 1647 1121 1712 Rindfl.
1142 1650 1237 1732 φησι)

63 1758 122 1822 καὶ
139 1756 257 1841 μοργοὶ
276 1747 296 1841 ἢ
315 1747 456 1840 ἀμοργοὶ
474 1753 512 1819 έκ
529 1761 593 1820 τοῦ
612 1746 766 1840 ἀμέργειν
785 1748 889 1840 ἤγουν
908 1758 1143 1838 καρπολυγεῖν,
1163 1748 1237 1818 υίον

66 1856 85 1927 ὃ
110 1863 172 1946 μέν
194 1885 244 1938 τις
268 1853 437 1944 ἀμπέλους
459 1868 592 1946 τρυγών
616 1854 668 1941 ἀν,
693 1856 712 1926 ὁ
738 1854 772 1926 δ’
796 1853 949 1945 ἀμέργων
973 1857 1080 1936 ἐλάας.
1252 1893 1277 1932 15

159 2038 179 2104 ²)
197 2039 231 2092 In
247 2038 329 2092 breve
344 2041 487 2092 contracta
502 2054 563 2092 cum
577 2037 724 2107 Eupolidis
736 2039 797 2094 loco
807 2054 851 2107 ap.
863 2039 909 2092 Et.
920 2039 957 2092 Μ.
968 2039 1011 2102 81,
1024 2039 1050 2092 8.
1069 2037 1152 2104 (Num
1161 2039 1192 2091 B.
1203 2039 1236 2091 A.

67 2128 110 2188 12,
125 2127 143 2180 4
160 2127 214 2181 huc
233 2125 410 2193 referendalt
428 2127 473 2180 Et.
487 2127 556 2181 Gud.
573 2128 616 2192 43,
632 2129 675 2182 33.
695 2127 781 2195 Quam
798 2126 952 2181 doctrinam
971 2126 1077 2181 duabus
1095 2127 1125 2179 in
1138 2125 1237 2194 glossis

65 2220 278 2271 consentaneam
289 2217 374 2270 multo
389 2215 502 2269 uberius
511 2217 660 2285 repetitam
672 2216 749 2270 vides
760 2231 804 2284 ap.
816 2216 892 2270 Erot.
905 2232 931 2284 p.
945 2216 987 2270 52.
998 2215 1098 2280 Klein,
1114 2231 1149 2268 ex
1159 2213 1236 2269 cuius

64 2304 158 2373 glossa
185 2302 345 2358 doctissima
373 2319 406 2359 ea
435 2306 547 2358 tandem
576 2304 751 2372 exhibemus,
781 2319 852 2372 quae
881 2306 935 2358 huo
963 2303 1117 2372 pertinent:
1148 2305 1237 2357 Βακ-

61 2399 161 2462 χεῖος
180 2435 185 2445 .
206 2434 212 2447 .
235 2388 266 2446 ἐν
284 2393 370 2465 τρίτη
396 2394 483 2461 φησίν
506 2385 619 2463 ἀμβην
637 2395 791 2447 καλεῖσθαι
809 2388 861 2461 τὴν
884 2387 1018 2463 ὀφρυιύδη
1043 2386 1237 2445 ἐπανάστασιν

63 2480 112 2548 (cf.
132 2481 229 2536 Galen.
250 2497 306 2536 voc.
326 2481 456 2550 Hippocr.
478 2484 529 2536 vol.
550 2482 624 2535 XIX.
644 2499 670 2551 p.
691 2482 862 2549 7781151.)
882 2484 931 2534 καῖ
950 2476 1005 2551 γὰρ
1024 2476 1051 2534 οἳ
1065 2473 1166 2533 Ῥόδιοι
1185 2473 1236 2546 ἄμ-

62 2573 160 2640 βωνας
174 2573 293 2624 καλοῦσι
308 2565 359 2634 τὰς
377 2565 536 2641 ὀφρυιύδεις
554 2572 612 2625 τῶν
631 2567 708 2640 ὀρῶν
726 2566 888 2641 ἀναβάσεις.
905 2568 1045 2637 μέμνηται
1062 2572 1112 2637 τῆς
1133 2564 1237 2634 λέξεως

66 2661 117 2713 καὶ
136 2654 275 2728 Αἰσχύλος
293 2661 341 2713 καί
360 2652 409 2724 (ὡς
422 2660 528 2714 Nauck.
544 2661 592 2714 Ar.
608 2662 671 2729 Byz.
688 2661 757 2723 186.)
783 2653 1026 2729 Ἀριστοφάνης
1044 2655 1059 2712 ὃ
1079 2676 1236 2728 γραμμα-

63 2743 160 2810 τικὸς
175 2743 211 2801 ἐν
225 2755 294 2811 ταῖς
305 2745 469 2812 Ἀττικαῖς
483 2746 631 2814 λέξεσιν.
660 2748 738 2816 Quod
753 2765 814 2802 cum
830 2749 883 2802 hac
898 2746 1023 2801 doctrina
1042 2753 1071 2801 et
1090 2764 1151 2800 cum
1170 2747 1235 2800 atti-

65 2836 140 2891 cista
157 2837 285 2891 convenit
299 2837 364 2891 Hes.
379 2841 411 2903 (s.
426 2855 451 2891 v.
466 2830 542 2908 σίμβη
562 2841 590 2891 et
609 2831 752 2907 ἀμβυνες·
774 2833 803 2889 orl
823 2831 1055 2907 προσαναβάοεις
1073 2839 1130 2889 τῶν
1150 2833 1233 2905 ὀρῶν.

63 2920 203 2994 Αἰσχύλος
220 2920 370 2995 Κερκύωνι
388 2928 438 2979 καί
451 2920 592 2999 Σισύφῳ.)
616 2927 710 2980 statim
730 2925 834 2980 fontem
853 2925 961 2994 glossae
981 2924 1168 2996 Dionysianae
1187 2941 1234 2993 ag-

62 3030 170 3069 nosces.
189 3015 285 3068 —An
311 3014 403 3083 glossa
425 3008 523 3083 οίκριες
546 3021 587 3081 (εί
610 3031 644 3069 ca
668 3031 740 3083 quae
764 3015 836 3083 apud
855 3016 933 3068 Eust.
952 3018 1046 3069 nostro
1069 3015 1129 3068 loco
1153 3029 1234 3082 prae·

64 3104 191 3170 cedunt),
211 3104 282 3170 quod
301 3118 367 3157 voce
387 3095 518 3174 ἀμβυνες
537 3104 708 3172 explicatur,
733 3105 769 3157 ad
787 3103 926 3158 atticistas
945 3103 1093 3158 referenda
1111 3102 1161 3171 sit,
1185 3103 1234 3156 du-

64 3192 141 3245 bium
162 3195 211 3246 est.
249 3192 281 3246 ld
301 3191 478 3246 adiciendum
498 3196 541 3246 est
558 3192 663 3260 glossas
682 3192 882 3246 Eustathianas
901 3185 1003 3262 ἄκριας
1027 3196 1055 3246 et
1079 3186 1235 3262 ἐπήκρισεν

66 3283 142 3349 apud
160 3281 226 3334 Hes.
247 3275 396 3346 αύτολεξεί
414 3280 515 3335 redire.

110 3369 153 3423 45.
174 3370 194 3433 ¹)
214 3369 322 3424 Similia
340 3375 486 3424 recurrunt
505 3371 579 3437 apud
597 3369 663 3423 Hes.
679 3368 753 3424 Suid.
770 3371 806 3438 gl.
821 3372 846 3424 1.
861 3371 905 3424 Et.
920 3371 956 3424 M.
976 3370 1020 3438 83,
1039 3370 1083 3423 42.
1104 3369 1138 3423 cf.
1157 3370 1235 3422 Euat.

63 3473 90 3525 p.
109 3457 188 3523 1037,
204 3459 246 3512 56.
261 3487 297 3496 -
311 3458 413 3512 Suidae
428 3456 464 3526 gl.
480 3459 505 3512 2.
521 3483 555 3501 =
575 3458 708 3526 Harpocr.
728 3474 764 3511 ex
783 3457 838 3512 alio
857 3459 933 3512 fonte
952 3457 1040 3512 fluxit.
1059 3460 1170 3527 (χρῆσις
1188 3459 1235 3511 So·

64 3543 181 3613 phoolis,
201 3545 253 3599 etsi
273 3563 299 3615 p.
314 3547 393 3613 1037,
407 3548 449 3601 57.
469 3545 595 3609 iteratur,
616 3548 710 3601 dubito
730 3563 765 3601 an
785 3547 927 3601 atticistae
940 3547 1090 3602 tribuenda
1109 3547 1153 3612 sit,
1174 3563 1235 3600 cum

63 3633 161 3687 fabula
179 3637 292 3689 servata
308 3634 403 3688 laudet
437 3637 455 3699 ).

108 3722 152 3777 46.
173 3723 193 3788 1)
212 3723 256 3777 Ad
275 3724 392 3777 eundem
411 3723 516 3777 fontem
530 3725 656 3792 redeunt,
676 3740 745 3792 quac
759 3725 837 3778 Eust.
854 3725 930 3788 1608,
950 3725 992 3778 57.
1011 3723 1121 3777 nomine
1140 3728 1234 3776 auoto-

62 3810 102 3864 ris
122 3809 222 3865 omisso
237 3811 332 3866 affert:
353 3808 385 3876 ἐξ
398 3801 500 3865 ὤνκαὶ
519 3809 670 3882 ἀμοργοί
682 3828 778 3880 φασιν,
799 3807 910 3876 πόλεως
924 3805 1051 3880 ὄλεθροι,
1071 3809 1097 3865 ol
1111 3806 1137 3863 δ’
1154 3808 1236 3866 αὐτοὶ

63 3900 114 3952 καί
132 3901 249 3969 μοργοί,
274 3896 303 3955 ol
321 3895 495 3969 ἀμέλγοντες
513 3897 615 3968 δηλαδὴ
634 3896 668 3954 τὸ
692 3896 803 3963 κοινὸν,
828 3903 876 3954 καί
896 3897 1075 3966 ἐκμνζυίντες
1094 3896 1181 3954 οἱονεί
1200 3896 1235 3954 τὰ

63 3981 208 4057 ἀλλότρια.
233 3989 274 4043 cf.·
288 3989 376 4053 Suid.‚
396 3990 501 4044 Oratis.
521 3989 553 4042 fr.
574 3991 633 4042 214.
656 3989 690 4044 fr.
710 3991 805 4058 adesp.
827 3991 903 4043 1351.
923 3991 1010 4043 Kock.
1044 3990 1181 4043 Comicam
1201 3989 1234 4042 il-

64 4076 122 4130 lam
136 4076 285 4145 notioncm,
304 4093 385 4146 quam
398 4079 479 4132 Paua.
493 4077 553 4132 voci
568 4077 675 4145 tribuit,
690 4079 839 4146 repetitam
855 4078 978 4131 videmus
993 4082 1100 4132 tantum
1112 4095 1156 4146 ap.
1168 4079 1234 4133 Hes.

63 4160 187 4234 ἀμολγοί
205 4169 242 4220 et.
261 4165 291 4219 in
311 4172 439 4235 corrupto
458 4168 543 4222 schol.
563 4168 610 4220 Ar.
629 4166 679 4234 Eq.
700 4168 752 4221 963
772 4208 778 4219 .
798 4208 804 4219 .
826 4208 831 4219 .
851 4158 954 4229 ἄλλως
975 4162 1135 4236 σύμμαχος·
1157 4160 1234 4222 έοικε

61 4249 192 4323 χρησμὸς
214 4249 371 4325 (χρηυτύςί)
394 4273 436 4320 τις
459 4249 543 4310 εἶναι·
569 4252 600 4310 ἐν
618 4251 675 4332 γὰρ
697 4261 756 4320 τοῖς
775 4256 921 4332 Γεωργοῖς
940 4255 982 4323 (fr.
1003 4258 1062 4313 101.
1081 4257 1171 4326 Kook)
1189 4244 1235 4316 ού·

61 4358 118 4409 τως
138 4336 209 4421 ἔχει·
