3000 5040
719 273 783 340 211

167 431 422 523 όλιγοόάπανος,
445 425 492 512 ὡς
514 424 736 518 πολυτελὴς
759 423 778 496 ὁ
800 425 1052 507 πολυδάπανος.
1078 428 1115 495 έκ
1135 429 1171 496 δέ
1193 436 1257 496 τοῦ
1279 445 1336 516 ση-

165 545 348 630 μαίνοντος
369 533 432 629 τὴν
454 536 551 621 τάξιν
572 532 636 626 ἤδη
659 538 696 605 δὲ
719 539 776 603 καὶ
795 530 899 624 ἀρχὴν
919 533 952 602 αἱ
969 538 1126 620 μυστικαὶ
1144 536 1337 623 τελέταιέ)

164 651 221 718 καὶ
247 641 288 716 τό
315 653 523 716 τελεῖσθαι
551 638 627 712 άντὶ
654 652 717 711 τοῦ
743 649 902 730 μυεῖσθαι
925 645 982 708 καὶ
1004 635 1025 730 ἡ
1048 635 1126 708 κατ’
1150 635 1255 730 ἀρχὴν
1277 665 1337 709 τε·

164 753 337 843 λειότης,
373 756 431 820 καὶ
467 751 501 819 ολ
532 743 610 818 κατ’
639 743 745 838 αὐτὴν
776 750 923 816 τέλειοι
955 751 1013 814 καὶ
1045 747 1083 815 οἱ
1115 748 1156 815 έν
1188 751 1339 836 τέλειῡ),

163 862 341 932 τουτέστιν
364 858 397 928 οἱ
421 853 551 946 άρχικοὶ
578 860 636 924 καὶ
657 855 853 936 τάσσοντες,
880 850 955 943 ἢτοι
983 852 1202 943 κοσμήτορες,
1230 848 1276 934 σός
1297 847 1338 923 τό
1365 874 1378 916 ι

327 978 400 1046 τοῖς
422 965 459 1032 έν
482 965 569 1032 τέλει
591 969 715 1046 βεβῶσι
737 965 894 1048 πείσομαι
917 962 1027 1048 (Soph.
1046 965 1120 1028 Ant.
1140 964 1206 1049 67).

166 1074 204 1142 έκ
227 1074 264 1141 δὲ
288 1081 349 1140 τοῦ
373 1078 497 1139 λοιποῦ
518 1072 650 1151 τέλους,
679 1061 698 1137 ὃ
723 1071 873 1157 σημαίνει
896 1060 958 1135 τόν
981 1066 1103 1154 γάμον,
1130 1060 1172 1134 τά
1195 1069 1339 1154 προτέ-

165 1186 265 1256 λεια,
285 1169 336 1246 οόν
352 1187 465 1266 χρῆσις
482 1178 544 1263 μὲν
563 1173 649 1264 μόνη
667 1168 759 1262 παρά
773 1175 899 1261 Αἰλίῳ
918 1177 1165 1260 Διονυσέῳθ),
1184 1170 1339 1261 ἑρμηνεία

167 1278 317 1372 δὲπαρά
340 1287 548 1374 Παυσανίᾳ
572 1279 716 1350 εἰπόντι·
756 1275 813 1349 ότε
840 1282 1018 1369 προτέλεια
1045 1276 1066 1368 ἦ
1092 1274 1158 1366 πρό
1188 1289 1260 1346 τῶν
1281 1277 1339 1366 γά-

164 1416 241 1479 μσον
263 1392 330 1460 θέα
353 1388 552 1480 (Ιζθυσέα),
576 1391 657 1468 ἰ’σοις
678 1382 720 1456 τά
743 1385 906 1475 λεγόμενα
928 1384 1117 1474 θεώρητρα.
1147 1386 1279 1454 ἐκεῖθεν
1303 1387 1340 1454 δὲ
1354 1406 1380 1444 1⁰

165 1501 223 1566 καὶ
250 1498 448 1580 τέλειοιῗ),
477 1495 510 1563 οἱ
536 1493 757 1583 γεγαμηκότες
784 1497 842 1561 καὶ
868 1500 1135 1581 τελειωθῆναι
1162 1485 1202 1560 τό
1230 1501 1338 1581 γῆμαι.

167 1607 272 1694 δῆλον
296 1605 332 1671 όέ
356 1596 409 1672 ὅτι
432 1607 489 1670 καὶ
512 1597 551 1671 τό
574 1596 704 1682 παντός
726 1599 919 1690 πράγματος
938 1601 1041 1688 πέρας
1063 1601 1177 1678 τέλος
1199 1600 1339 1686 λέγεται,

166 1704 229 1795 ἀφ’
253 1701 295 1778 οὗ
317 1713 374 1778 καὶ
396 1703 416 1798 ἦ
439 1703 579 1798 τελευτὴ
602 1715 672 1776 κτλ.

256 1819 331 1885 307.
363 1818 534 1884 Eustatb
554 1840 583 1902 p.
606 1818 705 1894 1405,
728 1818 780 1882 28.
812 1812 1012 1901 τριώβολον·
1044 1807 1168 1899 μισθός
1196 1815 1340 1881 δικαστι-

167 1917 229 2003 κός
255 1925 314 1990 καὶ
340 1921 375 1991 ολ
402 1916 519 2002 ἁπλῶς
541 1935 629 2008 τρεῖς
653 1916 776 2005 όβολοί.
818 1921 855 2004 ἒξ
881 1911 932 1986 τόν
954 1923 1296 2007 τριωβολιμαῑοςῑ)
1321 1913 1380 1987 ors

169 2023 313 2117 εότελής.
337 2032 395 2096 καὶ
408 2052 535 2115 τετροο
540 2032 652 2112 βολίς
657 2053 714 2094 ειν
725 2031 751 2116 ²)
765 2021 805 2094 τό
816 2024 997 2113 λαμβάνειν
1013 2019 1340 2114 όικαστικόντετριό-

167 2167 218 2242 λῆς
235 2189 291 2228 una
308 2172 338 2227 in
356 2173 448 2242 glossa
466 2173 562 2227 iuncta
581 2170 674 2226 fnisse.
703 2171 770 2226 Cum
793 2172 867 2239 apud
886 2171 952 2224 Len.
972 2171 1086 2224 Bachm.
1104 2172 1158 2225 boo
1176 2168 1272 2238 fragm.
1292 2169 1339 2223 de·

166 2259 255 2330 neiat,
273 2260 355 2316 Aelio
373 2260 505 2330 Dionysio
524 2260 669 2314 tribuerim
689 2259 733 2328 (cf.
752 2261 822 2314 Nab.
838 2259 920 2313 Proll.
934 2275 961 2327 p.
977 2258 1036 2312 130.
1048 2259 1107 2326 sq.).
1130 2258 1245 2312 Fontem
1264 2257 1341 2312 illius

168 2365 234 2406 vero
253 2365 296 2419 ap.
317 2352 418 2404 Athen.
437 2351 473 2403 II.
493 2350 558 2404 4οΙ)
577 2348 715 2417 repperiri
737 2364 817 2402 nemo
836 2346 957 2415 negabit.
982 2345 1023 2400 Of.
1043 2345 1114 2400 Prol.
1134 2364 1160 2414 p.
1181 2347 1224 2401 67.
1264 2345 1341 2400 Unde

168 2437 321 2508 profecerit
337 2438 430 2507 glossa
447 2437 522 2492 Suid.
543 2453 563 2491 s.
583 2454 607 2490 v.
632 2433 786 2499 πολυτελές
809 2433 854 2501 (cf.
878 2435 968 2490 Schol.
993 2434 1079 2488 Thuc.
1098 2435 1160 2488 VII.
1180 2435 1222 2489 27.
1245 2434 1341 2504 1.10.)

168 2522 282 2582 dubium
301 2528 351 2580 est.
380 2525 421 2580 cf.
434 2526 513 2580 Pbot.
533 2527 708 2579 πολυτελεῐν.
728 2525 793 2578 Hes.
807 2517 928 2586 εὐτελές.
948 2523 993 2577 Et.
1007 2524 1045 2578 M.
1065 2523 1128 2582 321,
1148 2523 1190 2578 19.
1210 2522 1254 2577 Et.
1270 2522 1340 2577 Gud.

168 2615 293 2684 22214.

256 2704 280 2771 ⁴)
298 2702 339 2759 04.
358 2702 436 2757 Phot.
456 2702 532 2758 Suid.
550 2703 615 2756 Hes.
635 2702 703 2756 Lex.
723 2702 835 2755 Bacbm.
856 2701 918 2768 383,
939 2701 980 2754 19.
1003 2700 1048 2754 Et.
1067 2699 1106 2752 M.
1127 2699 1192 2763 751,
1212 2701 1254 2754 11.
1273 2700 1340 2754 Ath.

168 2792 187 2847 l.
206 2793 224 2846 l.
244 2792 323 2846 Phot.
343 2791 417 2846 Suid.
438 2807 459 2845 s.
478 2808 502 2845 v.
522 2793 702 2858 τελεσθῆναι.

258 2879 280 2944 ⁶)
299 2878 340 2934 of.
358 2879 432 2934 Suid.
452 2874 483 2934 έν
500 2877 584 2934 τέλει.
601 2880 667 2934 Hes.
688 2880 818 2934 Fortasse
831 2879 908 2932 Phot.
922 2880 1071 2931 τελοῦντα·
1092 2873 1268 2947 τεταγμένον
1287 2877 1341 2931 huc

168 2967 301 3038 pertinet.
328 2969 396 3023 Lex.
416 2969 528 3023 Bachm.
548 2971 609 3034 383,
628 2971 672 3023 28.

259 3056 280 3125 ‘)
298 3057 388 3112 Locus
401 3057 476 3112 Aelii
488 3057 614 3128 Dionysii
627 3056 734 3125 deficit3
754 3057 872 3111 fortasse
887 3055 962 3111 idem
975 3055 1038 3123 fuit,
1058 3060 1143 3125 atque
1161 3056 1248 3124 Harp.
1262 3056 1340 3110 Pbot.

169 3145 244 3200 Suis.
264 3143 429 3215 προτέλεια,
453 3146 477 3200 si
500 3145 530 3200 in
548 3147 640 3200 verbis
663 3143 698 3200 τά
721 3141 778 3216 πρὸ
802 3149 854 3200 τοῦ
872 3147 1044 3214 τελεσθῆναι
1061 3175 1097 3184 -
1116 3141 1270 3215 προτέλεια
1288 3145 1342 3214 Ly·

170 3233 248 3304 curgi
268 3235 454 3289 testimonium
473 3235 585 3303 agnosci
603 3240 702 3303 potest.
734 3234 890 3289 Pausaniae
914 3235 1041 3289 doctrina
1059 3233 1240 3289 multifariam
1260 3233 1342 3286 redit.

170 3323 248 3378 Phot
268 3319 432 3392 προτέλεια·
453 3317 540 3392 ἡπρὸ
559 3326 617 3377 τῶν
635 3317 735 3393 γάμων
749 3324 850 3377 θυσία·
870 3310 945 3377 οὕτω
966 3320 1141 3394 Μένανδρος.
1162 3322 1202 3378 cf.
1217 3323 1283 3378 Hes.
1296 3321 1342 3376 Et.

170 3411 208 3466 M.
229 3411 290 3480 750,
309 3412 354 3466 48.
386 3411 452 3467 Alia
475 3412 551 3466 notio
570 3412 617 3466 vix
636 3413 746 3466 diversa
765 3411 819 3465 fuit
837 3427 880 3480 ap.
900 3413 987 3466 Moer.
1006 3428 1033 3480 p.
1052 3414 1113 3477 206,
1133 3414 1157 3466 9.
1176 3409 1342 3482 προτέλεια·

170 3493 187 3568 ἧ
212 3495 268 3570 πρὸ
291 3503 350 3554 τῶν
368 3494 469 3570 γάμων
487 3496 590 3571 ἡμέρα.
618 3500 658 3554 Cf.
678 3501 756 3555 Phot.
776 3500 852 3555 Suid.
872 3500 1044 3570 προτελελαν
1067 3494 1184 3571 ἡμέραν.
1212 3500 1256 3554 Ex
1275 3501 1342 3556 Poll.

170 3588 220 3643 ΠΙ.
233 3590 276 3644 38.
305 3589 523 3658 Aristophanem
541 3590 704 3660 Byzantium
719 3589 873 3644 Pausaniae
893 3594 1032 3644 auctorem
1052 3588 1196 3643 efficimus.
1217 3589 1256 3643 Cf.
1270 3588 1341 3643 Prol.

170 3693 197 3747 p.
214 3678 259 3733 45.
287 3678 415 3732 Indidem
429 3685 547 3747 apparet
567 3679 653 3732 etiam
671 3679 790 3746 glossam
800 3668 877 3748 Ἥρα
892 3678 988 3732 τελειά
1007 3677 1131 3732 eiusdem
1149 3677 1263 3745 originis
1282 3693 1342 3732 esse

171 3767 246 3835 apud
259 3765 333 3821 Suid.
347 3767 437 3822 Schol.
452 3770 500 3822 Ar.
514 3767 625 3822 Thesm.
640 3767 699 3822 973.
714 3765 803 3822 Schol.
816 3767 895 3821 Pind.
908 3766 987 3822 Nem.
1002 3767 1043 3831 10,
1056 3767 1100 3820 31.
1114 3765 1214 3820 Aesch.
1233 3765 1267 3819 ir.
1280 3767 1342 3821 381.

170 3855 277 3910 Nauck.

260 3945 281 4012 ⁷)
300 3945 381 4000 Gonu.
400 3945 480 3999 Pbot.
499 3960 520 3999 s.
540 3963 564 3998 v.
585 3941 689 4012 τέλεον,
709 3943 743 4000 ci.
763 3944 828 3999 Hes.

215 4034 276 4088 307.
295 4035 317 4099 ¹)
336 4033 418 4088 Conv.
442 4033 520 4088 Phot.
544 4034 620 4089 Suid.
643 4035 688 4088 Et.
712 4034 750 4088 M.
775 4036 840 4103 766,
859 4033 902 4088 37.
937 4032 1055 4086 Cobetus
1079 4032 1181 4086 Mnem.
1201 4033 1262 4088 VII.
1281 4032 1342 4088 477.

171 4124 361 4192 τριοβολιαῖος
380 4121 464 4176 scribi
483 4123 574 4177 iubet:
593 4139 646 4178 non
665 4126 759 4178 tamen
778 4126 833 4189 est,
856 4138 906 4176 cur
924 4136 1080 4190 sequamur,
1100 4119 1134 4176 ci.
1154 4121 1255 4192 Phryn.
1274 4122 1342 4177 Lob.

171 4227 198 4279 p.
216 4211 324 4278 550.sq.

261 4299 282 4366 ²)
300 4299 383 4354 Gonu.
396 4299 475 4354 Phot.
504 4299 569 4354 SIne
589 4299 671 4354 dubio
690 4298 841 4354 Pausanias
859 4297 972 4354 erravit.
1001 4300 1026 4352 A
1039 4299 1107 4354 Poll.
1124 4300 1174 4355 IX.
1187 4302 1228 4355 64.
1243 4300 1343 4369 (Theo-

172 4403 262 4456 pomp.
281 4387 314 4442 ir.
334 4389 377 4444 55.
396 4388 486 4455 Kock)
505 4405 627 4443 errorem
645 4388 783 4458 incepisse
802 4387 896 4443 Nabar
915 4387 999 4443 iubet

1078 4478 1129 4531 14*
