3000 5040
615 235 674 299 121

146 393 199 460 80.
230 393 402 460 Eustath.
421 417 451 479 p.
472 393 544 472 787,
564 395 592 459 8.
626 392 739 460 ἰστέον
763 395 798 460 δὲ
823 385 875 460 ότι
895 391 931 459 έν
949 403 1021 471 τοῖς
1042 399 1105 458 τοῦ
1123 395 1226 458 Παυ-

55 501 198 567 σανίου
216 498 363 585 φέρεται,
383 492 429 577 oia
446 493 509 586 τὴν
524 491 630 585 δορὰν
648 494 886 588 α’σποὶθητόν
905 522 993 577 τινες
1007 495 1105 566 εἷπον
1117 504 1226 585 χλαῑ·

54 607 181 694 νανῑ),
209 598 230 673 ό
257 605 348 672 ἐστιν
375 599 586 689 όνύφαντον,
614 609 671 673 καὶ
699 599 752 674 ότι
780 606 817 672 ἐκ
845 615 903 695 τῆς
930 613 1067 694 λεοντῆς
1093 600 1113 694 ἡ
1142 597 1228 671 κατὰ

54 705 118 779 τόν
141 713 264 779 λέοντα
285 715 448 800 παροιμία
469 706 509 779 τὸ
533 720 682 800 ,ξυρεῖν
705 714 863 780 λέοντα(
887 713 1031 779 ἐπὶτῶν
1050 706 1228 790 ἀδυνάτοις

55 815 317 905 ἐπιχειρούντων
326 821 353 907 ²)
377 821 433 885 καὶ
455 827 558 886 τοῦτο
582 812 717 905 μὲνδιίι
735 813 797 908 τὴν
815 816 1034 907 γενναιότητα
1052 827 1114 885 τοῦ
1131 820 1226 886 λέον-
1255 836 1268 876 ⁵

55 949 125 1007 τος,
140 915 182 992 δν
196 919 260 991 ούκ
275 918 320 1010 ἂν
332 933 444 1012 ξυρεῖν
458 923 605 1014 τολμήσῃ
619 951 677 1005 τις.
697 919 737 993 τὸ
751 926 866 1012 μέντοι
879 922 1055 1007 ,πόκους
1070 921 1228 1012 donem)

29 1105 31 1108 y
56 1027 163 1098 iiiios
189 1028 320 1119 τρόπον
349 1025 520 1099 ἀδύνατόν
548 1033 638 1100 ἐστιν
662 1026 716 1100 διὰ
740 1025 779 1099 τὸ
802 1026 846 1120 μη
870 1029 962 1113 εἶναι,
978 1033 1144 1099 πένεσθαι
1166 1025 1229 1099 τὸν

57 1133 150 1205 ὄνον.
176 1129 294 1224 ὅμοιον
314 1139 351 1205 δέ
368 1164 442 1218 πως
459 1141 517 1205 καὶ
534 1134 574 1206 τὸ
593 1133 740 1221 ,ύσκδν
760 1140 961 1227 δέρεινίίί).
989 1131 1030 1206 ού
1047 1132 1108 1225 γὰρ
1128 1133 1170 1206 ἂν
1194 1139 1230 1222 ἐξ

57 1238 167 1312 ύσκοῦ
187 1242 303 1331 ἕτερον
327 1245 430 1332 δέρμα
453 1238 710 1334 ἄποσυρήσεται.

147 1351 263 1418 Oram.
282 1353 418 1419 Aneod.
438 1353 518 1420 Par.
537 1353 594 1420 III.
615 1355 666 1430 77,
687 1355 730 1418 34
750 1353 865 1440 (idest
888 1355 929 1419 ad
947 1357 981 1418 K
997 1354 1049 1429 23,
1071 1359 1108 1418 ut
1125 1353 1228 1437 Euat.)
1243 1371 1268 1411 ιο

58 1457 162 1544 δέρμα
189 1457 339 1536 λέοντος·
373 1458 532 1537 έπίθετος
557 1452 676 1544 χιτοδν,
709 1452 755 1537 ὡς
783 1453 801 1526 ό
830 1461 1074 1540 Παυσανίας,
1107 1450 1161 1524 διὰ
1189 1450 1228 1524 τὸ

56 1556 262 1650 ύπεροχικδν
284 1573 343 1652 τῆς
366 1563 499 1632 ἐκείνου
521 1563 784 1653 μεγαλειότητος.

147 1673 225 1737 soa.
257 1673 429 1738 Eustath.
453 1696 482 1758 p.
509 1674 607 1751 1769,
631 1674 683 1740 45.
716 1672 829 1739 ἰστέον
858 1673 909 1754 δὲ,
943 1665 995 1739 ότι
1022 1666 1061 1739 τὸ
1089 1679 1229 1759 πρῶτον

57 1775 90 1843 οἱ
107 1779 257 1858 παλαιοὶ,
280 1771 326 1855 ὡς
345 1776 472 1865 ἱστορεῖ
488 1782 730 1863 Παυσανίας,
754 1787 916 1866 τιμῶντες
937 1772 999 1866 τὴν
1019 1771 1149 1866 εύρεσιν
1167 1786 1229 1846 τοῦ

59 2045 205 2115 repetitur.
225 2045 300 2101 Suid.
320 2061 341 2100 s.
360 2063 384 2100 v.
404 2039 501 2116 ἄρχων
519 2045 657 2104 atticistas
675 2047 779 2102 adiisse
799 2051 914 2116 propter
937 2062 1099 2102 eonsensum
1118 2063 1180 2102 oum
1197 2048 1229 2101 B.

57 2138 92 2190 A.
112 2135 178 2202 449,
198 2137 246 2190 17.
270 2135 330 2190 veri
352 2135 427 2190 haud
450 2135 577 2190 absimile
597 2135 718 2202 videtur3
747 2141 851 2190 eertum
874 2140 969 2190 tamen
987 2136 1134 2204 quicquam
1154 2135 1229 2190 affir-

55 2239 135 2278 mare
158 2239 214 2278 non
237 2224 334 2279 ausim.
352 2254 388 2263 —
405 2223 462 2291 Ea,
486 2239 557 2293 quae
581 2225 616 2278 de
640 2217 743 2278 ένδεκα
765 2224 904 2279 iudicibus
923 2225 1068 2293 episeopus
1087 2225 1228 2294 explanat,

57 2313 95 2367 ad
112 2312 279 2368 Pausaniam
302 2311 450 2367 referenda
474 2327 535 2367 esse
559 2310 679 2378 confido,
702 2328 763 2366 oum
788 2312 815 2382 1)
840 2314 874 2366 de
897 2312 1091 2368 thesmothetis
1114 2313 1171 2368 iam
1188 2314 1229 2368 ita

56 2405 124 2456 ante
148 2400 249 2470 egerIt,
274 2405 304 2455 ut
328 2401 413 2455 etiam
435 2400 577 2470 superiore
601 2401 662 2455 loeo
685 2417 721 2454 ex
738 2402 818 2456 Paua.
838 2399 931 2456 omnia
949 2401 1044 2456 delata
1063 2417 1123 2456 esse
1142 2418 1229 2471 appa·

55 2495 132 2556 reat,
156 2491 183 2557 2)
206 2491 304 2545 eadem
328 2490 454 2545 doctrina
476 2490 550 2559 apud
568 2490 613 2544 Et.
633 2491 671 2544 M.
690 2489 757 2551 338,
781 2490 817 2544 34
839 2495 966 2545 recurrat
984 2489 1078 2559 paullo
1097 2489 1183 2545 fusior
1202 2496 1230 2544 et

56 2594 125 2634 voce
144 2573 280 2649 ῥητορική
304 2579 354 2633 sub
379 2578 462 2633 finem
486 2578 595 2644 addita,
619 2576 654 2632 ef.
675 2577 798 2648 Heyden.
818 2578 912 2648 Leipz.
932 2579 1008 2633 Stud.
1028 2579 1101 2634 VIII.
1121 2595 1148 2648 p.
1167 2581 1228 2634 214.

57 2684 136 2736 sqqu.
156 2666 191 2722 of.
210 2667 289 2722 Phot.
308 2667 383 2722 Suid.
403 2667 494 2722 Schol.
512 2667 561 2722 Ar.
580 2668 665 2735 Vesp.
686 2668 764 2721 1108.
782 2668 814 2721 Β.
834 2669 867 2720 A.
886 2668 952 2735 250,
972 2667 997 2720 4.
1021 2667 1086 2732 310,
1106 2668 1157 2735 15„
1181 2668 1230 2722 ubi

56 2755 118 2810 iere
138 2755 243 2810 eisdem
262 2756 353 2811 verbIs
371 2755 559 2812 Eustathiana
575 2754 698 2825 repetita
717 2755 802 2810 vides.
823 2755 857 2810 of.
876 2755 945 2810 Poll.
964 2755 1039 2810 VIII.
1060 2756 1119 2810 102.

102 2845 145 2899 80.
166 2844 188 2914 ¹)
208 2845 325 2899 Conven.
339 2846 370 2900 B.
384 2847 417 2899 A.
431 2846 492 2913 453,
508 2847 549 2900 18.
569 2844 634 2899 Hes.
649 2860 670 2898 s.
683 2861 707 2898 v.
728 2839 901 2912 οίσπάθητον
917 2846 1043 2913 χλαῖναν.
1063 2844 1149 2900 Simil.
1163 2845 1229 2899 Hes

56 2927 224 3000 ἀσπάθητα.
243 2934 311 2988 Poll.
330 2935 391 2989 VII.
411 2935 453 2989 36.
474 2950 536 2988 oum
555 2932 698 3002 Sophoclis
716 2932 883 2987 testimonio.

149 3022 169 3088 ²)
189 3022 270 3077 Conv.
289 3023 368 3078 Phot.
388 3023 462 3078 Suid.
482 3020 584 3077 λέοντα
604 3025 697 3097 ξορᾷς.
718 3022 808 3078 Schol.
828 3023 898 3077 Plat.
911 3022 980 3091 Rep.
999 3023 1095 3078 atto.
1115 3021 1149 3077 ef.
1164 3022 1229 3078 Dio·

57 3126 119 3180 gen.
137 3109 184 3164 VI.
204 3110 247 3165 24.

150 3197 171 3269 ³)
189 3199 358 3256 Dubitanter
376 3201 412 3255 ad
424 3201 504 3255 Paua.
517 3199 623 3255 referre
642 3199 739 3266 ausim,
760 3198 795 3254 of.
810 3200 883 3255 Nab.
898 3202 935 3256 ad
953 3200 1030 3255 Phot.
1045 3192 1113 3254 δνου
1132 3195 1228 3255 πόκαι.

60 3287 140 3356 Quod
152 3289 250 3343 eadem
263 3289 413 3358 explicatio
427 3289 469 3344 bis
483 3304 526 3358 ap.
541 3289 620 3344 Phot.
632 3288 715 3357 redit,
736 3288 854 3343 alteram
868 3287 960 3357 alteri
979 3304 1062 3358 quam
1074 3288 1128 3344 sibi
1141 3288 1229 3357 finxit,

58 3377 215 3433 Pausaniae
227 3377 384 3433 recensioni
396 3378 492 3434 Nabar
504 3378 575 3434 Prol.
591 3395 617 3448 p.
630 3378 666 3433 45
678 3378 802 3433 tribuere
821 3378 923 3433 studet.
946 3378 1005 3446 (sed
1018 3378 1052 3432 of.
1066 3379 1137 3433 Prol.
1151 3395 1178 3448 p.
1193 3380 1230 3445 9.)

59 3463 94 3519 cf.
108 3466 186 3520 Phot.
200 3465 275 3522 Suid.
290 3459 358 3521 όνον
371 3463 471 3521 πόκαι·
492 3463 540 3522 snt
553 3470 611 3521 τῶν
627 3462 774 3536 ἀνηνύτων
786 3467 834 3520 καί
846 3462 884 3535 μὴ
905 3459 996 3520 όντων
1015 3462 1126 3536 λέγεται
1145 3462 1161 3534 ἡ
1175 3485 1229 3522 πα-

60 3554 157 3624 ροιμία
176 3547 231 3610 ύπδ
251 3558 309 3610 τῶν
324 3551 461 3620 Ἀττικῶν,
482 3544 582 3626 (όσπερ
602 3552 631 3611 αί
649 3559 779 3611 τοιαῦται
792 3556 914 3611 πλίνθον
926 3549 1050 3617 πλύνειν,
1070 3552 1161 3610 ἀσκὸν
1174 3557 1229 3610 τίλ-

59 3643 128 3705 λειν,
146 3637 254 3713 χύτραν
266 3646 430 3708 ποικίλλειν,
451 3643 491 3709 εἰς
504 3640 614 3716 κόπρον
627 3647 715 3714 (Phot.
730 3645 877 3715 κοπρῶνα)
891 3646 1006 3711 θυμιᾶν.
1026 3638 1230 3715 ῒἈρίσταρχος

60 3728 92 3784 δὲ
104 3725 314 3802 (Ἀριστοφάνης
323 3734 405 3804 Nab.)
416 3730 461 3788 διὰ
475 3730 526 3789 τὸν
537 3735 680 3805 Κρατῖνον
694 3733 737 3802 (fr.
748 3733 808 3789 348.
819 3732 908 3801 Koek)
923 3725 1088 3786 ὑποθέσθαι
1103 3728 1134 3786 έν
1142 3720 1230 3787 Ἅιδου

59 3815 123 3873 τινὰ
144 3821 269 3889 σχοινίον
287 3820 443 3886 πλέκοντα,
468 3815 536 3878 όνον
559 3821 590 3877 δὲ
609 3819 642 3877 τὸ
666 3816 846 3888 πλεκόμενον
865 3816 1056 3883 ἀπεσθίοντα,
1081 3811 1142 3875 οἷον
1161 3816 1230 3876 ἀπο-

60 3907 207 3978 κείρονται,
231 3906 361 3982 παρόσον
380 3901 431 3966 ούν
449 3908 484 3966 τὰ
510 3908 541 3966 έν
559 3900 647 3966 Ἅιδου
667 3904 792 3979 οἰνήνυτά
811 3906 895 3972 εἰσιν,
920 3911 1006 3963 τοῦτο
1026 3903 1165 3976 ἐπλάσθη.
1194 3909 1229 3964 of.

59 3997 151 4052 Sehol.
170 4000 218 4054 Ar.
237 4000 307 4056 Ran.
328 4002 387 4056 186.
407 4001 508 4056 Zenob.
523 4002 556 4056 V.
575 4001 619 4056 38.
637 3999 703 4054 Hes.
723 4016 744 4054 s.
764 4016 788 4052 v.
808 3997 853 4066 (ef.
868 3999 945 4054 codd.
958 3997 991 4052 V.
1004 3998 1035 4052 B.
1048 3998 1182 4064 Zenobii).
1195 4027 1231 4038 —

58 4085 167 4141 Eadem
184 4088 301 4145 historia
320 4106 364 4159 ap.
383 4091 463 4144 Paus.
484 4089 518 4144 X.
537 4090 580 4157 29,
599 4090 624 4142 1.

150 4175 170 4242 ⁴)
190 4176 224 4231 oi.
244 4177 358 4248 Diogen.
378 4180 428 4234 111.
441 4179 466 4233 3.
481 4177 515 4234 of.
528 4182 584 4232 not.
604 4178 628 4231 2.
652 4175 702 4231 ubi
720 4170 812 4230 δοκὸν
830 4174 934 4229 τίλλειν
952 4173 1036 4245 Iegis,
1061 4174 1132 4244 quod
1150 4191 1230 4232 nemo

58 4263 175 4319 audivit.
194 4266 325 4323 Fortasse
345 4263 437 4323 ἀσκὸν
455 4264 574 4339 (δέρειν,
595 4259 670 4336 (δὸν)
690 4266 793 4319 τίλλειν
811 4263 997 4334 scribendum,
1017 4262 1051 4320 of.
1066 4263 1145 4334 DIog.
1163 4265 1186 4319 1.
1204 4267 1229 4320 3.

57 4352 268 4422 anam
