3000 5040
731 173 817 269 ια’

166 358 394 448 ἐργαζόμενος.
418 369 542 444 βαΰνος
564 356 625 449 γὰρ
649 358 669 450 ἦ
693 360 840 449 κάμινος.
865 361 1032 449 ῥητορική.
1081 366 1201 431 Vocula
1222 368 1336 433 ultima

165 469 237 557 ῥητ.
256 471 434 554 gravissimi
457 476 505 536 est
523 472 683 536 momenti.
707 470 786 535 Cum
804 470 904 554 Heyd.
922 470 1027 553 Leipz.
1048 470 1137 536 Stud.
1158 473 1243 538 VIII.
1268 475 1334 538 223

165 580 199 641 in
218 598 257 643 ea
278 576 405 642 firmum
428 583 648 662 argumentum
672 598 816 660 agnosco,
839 598 895 642 eur
918 576 1001 642 hane
1018 577 1069 642 Et.
1088 579 1224 660 glossam
1243 580 1335 646 Aelio

166 684 318 768 Dionysio
341 684 488 749 tribuam.
515 679 683 764 βάναυσος
706 685 817 766 igliur,
845 679 1002 767 αβαύνῳ
1030 684 1203 763 derivatus,
1231 688 1336 770 opifex
1448 739 1451 742 .

166 797 237 856 erat
263 790 413 868 focarius,
440 791 555 856 deinde
582 792 623 855 ad
651 811 778 855 sensum
800 789 841 854 ab
864 791 936 855 aliis
960 791 1177 857 circumlatum
1199 795 1336 859 transiit.

166 898 298 964 Veteres
325 903 432 963 autem
460 899 540 963 duas
567 897 652 961 illius
678 897 763 990 roois
787 897 991 980 etymologias
1014 899 1229 976 tradiderunt,
1257 922 1336 983 quas

166 1010 273 1070 servat
290 1005 340 1069 Et.
360 1004 440 1069 Gnd.
459 1026 490 1087 p.
513 1005 585 1080 104,
604 1004 632 1069 3.
658 999 839 1083 βάναυσος·
865 995 884 1067 ὃ
904 995 959 1068 διὰ
977 996 1085 1089 τυρὸς
1108 1001 1336 1090 ἐργαζόμενος,

166 1101 259 1196 παρὰ
280 1102 321 1176 τὸ
344 1114 487 1191 βαῦνον,
513 1101 606 1196 παρὰ
628 1102 668 1175 τὸ
692 1101 752 1186 τὰς
775 1102 900 1186 αῧνοος
922 1111 1044 1190 καίειν,
1067 1104 1172 1196 ἤγουν
1195 1105 1289 1177 αὔειν
1299 1113 1335 1199 1).

171 1213 324 1301 Τρύφων,
348 1209 366 1281 ὃ
385 1224 448 1281 τοῦ
464 1209 632 1300 Ἄμμωνος
650 1215 748 1301 (sini),
771 1207 839 1280 ἀπὸ
858 1222 920 1281 τοῦ
943 1211 1071 1296 βαύνου
1094 1213 1262 1296 βάναυσος
1285 1218 1336 1284 λέ-

166 1346 216 1406 γει
234 1313 319 1387 κατὰ
337 1317 459 1399 πάθος.
483 1315 608 1404 ὤφειλε
627 1313 689 1405 γὰρ
709 1314 755 1398 ὡς
772 1313 864 1407 παρὰ
878 1313 919 1386 τὸ
934 1319 1037 1398 ianoe
1056 1319 1224 1404 ἱππάσιος,
1244 1316 1337 1409 κριὸς

166 1431 318 1515 κρίασος,
350 1420 441 1493 οὕτω
473 1432 596 1509 βαῦνος
627 1423 807 1508 βαύναοος·
843 1424 1041 1512 Χρύσιππος
1050 1428 1077 1515 ²)
1110 1429 1146 1494 δὲ
1179 1421 1247 1494 riae
1275 1438 1337 1495 τοῦ

165 1537 316 1619 τεχνίτας
343 1526 446 1621 ῒτὴν
467 1526 554 1620 πρὸς
576 1525 638 1599 τὸν
660 1535 736 1614 βίον
760 1532 950 1618 ἐγγίνεσθαι
978 1537 1035 1598 καὶ
1061 1537 1268 1620 πορίζεσθαι.
1293 1576 1336 1584 -

165 1642 234 1707 Aol
248 1642 435 1726 Dionysium
452 1662 549 1725 supra
562 1661 653 1707 voees
666 1635 834 1721 βάναυσος
848 1646 881 1706 et
898 1645 1024 1721 βαῦνος
1042 1643 1238 1708 coniunxisse
1256 1643 1336 1708 ridi-

165 1755 241 1814 mus'
261 1747 313 1835 (of.
331 1748 382 1815 Et.
402 1748 443 1813 M.
462 1747 482 1813 l.
500 1748 520 1812 l.
539 1748 627 1813 Euat.
645 1770 676 1831 p.
697 1747 792 1824 1511,
814 1748 863 1811 12.
886 1748 984 1825 1564,
1003 1748 1070 1834 35).
1106 1748 1207 1814 Vooes
1230 1754 1337 1815 autem

164 1877 231 1921 non
254 1855 474 1932 coniunxisset,
496 1855 559 1920 nisi
582 1855 679 1920 etiam
701 1855 735 1918 in
758 1855 948 1940 etymologia
970 1855 1025 1920 illa
1048 1855 1249 1940 Tryphonem
1271 1878 1337 1922 ma-

165 1963 299 2047 gistrum
323 1966 448 2027 secutus
472 1965 562 2026 esset.
581 1961 674 2030 ,Ideo
698 1960 739 2026 ab
762 1960 818 2025 illo
841 1961 908 2026 Ael.
927 1961 1020 2027 Dion.
1040 1962 1136 2027 etiam
1158 1966 1282 2044 βοῦνος
1305 1968 1338 2029 et

164 2063 334 2150 βάναυσος
356 2089 447 2134 voees
470 2068 701 2152 deprompsisse
724 2065 920 2133 confidenter
942 2067 1074 2134 affirmo.

257 2173 422 2259 Cynulous,
441 2197 512 2240 oum
526 2175 675 2240 Pontiani
694 2180 726 2240 et
739 2174 870 2239 Arriani
889 2176 1064 2241 orationem
1081 2175 1163 2241 libro
1178 2175 1338 2242 Athenaei

164 2282 265 2348 tertio
288 2282 329 2348 de
352 2281 488 2365 panibus
512 2287 545 2347 et
567 2282 722 2365 placentis
745 2282 917 2365 exciperet,
944 2281 1023 2347 haec
1045 2282 1149 2347 addit:
1181 2305 1211 2366 p.
1234 2284 1337 2351 114Ε.

165 2390 222 2454 καὶ
251 2383 354 2472 μάζας
383 2381 416 2454 d'
436 2384 526 2454 ’έστιν
554 2379 665 2474 εὑρεῖν
693 2380 983 2473 ἀναγεγραμμένας
1005 2385 1097 2473 παρά
1120 2412 1165 2453 τεΙ
1180 2394 1230 2474 τῷ
1256 2385 1337 2475 Τρύ-

166 2517 260 2577 φωνι
278 2497 335 2559 καὶ
353 2487 437 2580 παρ)
456 2487 570 2572 ίίλλοις
588 2495 749 2560 πλείοσιν.
769 2486 853 2578 παρ’
866 2486 1050 2580 Ἀθηναίοις
1067 2493 1129 2578 μὲν
1147 2487 1337 2582 φυοτίγνΒ)

163 2593 228 2687 τὴν
249 2593 294 2687 μὴ
319 2594 403 2686 ἄγαν
421 2601 651 2687 τετριμμένην,
674 2597 723 2666 έτι
748 2600 783 2665 δὲ
806 2602 862 2665 καὶ
886 2596 1178 2687 καρδαμάλην4)
1198 2602 1255 2666 καὶ
1272 2598 1336 2688 βή-

166 2731 267 2794 ρηκα
285 2709 343 2773 καὶ
360 2704 536 2786 τολύπας
554 2712 625 2772 κτλ.
659 2707 749 2772 Idem
771 2706 840 2772 fieri
862 2708 1004 2773 videmus
1022 2728 1071 2791 ap.
1091 2707 1178 2772 Eust.
1197 2731 1227 2791 p.
1244 2709 1338 2786 1414,

168 2816 219 2880 18.
235 2805 369 2900 εὕρηται
384 2822 467 2899 γοῦν
483 2812 519 2880 ἒν
534 2819 655 2900 λεξικῷ
666 2810 849 2900 ῥητορικῷ,
868 2805 921 2879 ὅτι
940 2807 1054 2898 ίίγμα·
1078 2805 1120 2877 οὗ
1133 2809 1242 2898 μόνον
1262 2810 1337 2879 σύν-

166 2945 289 3008 τριμμα
313 2913 397 2986 ἄλλα
421 2923 478 2987 καὶ
501 2922 783 3007 κατειργασμένον
808 2917 907 3007 έριον.
942 2911 995 2985 ὅτι
1024 2920 1060 2986 δὲ
1087 2921 1144 2985 καὶ
1170 2917 1292 3006 βήρηξ
1317 2913 1338 3006 ἡ

167 3020 253 3113 αὐτὴ
277 3026 423 3114 ἐλέγετο,
453 3029 549 3115 δηλοῖ
570 3021 589 3093 ὁ
614 3019 733 3092 εἰπών·
766 3023 920 3113 βήρηκες·
944 3022 1123 3112 φνράματα
1145 3031 1260 3110 μαζῶν
1283 3027 1340 3091 καὶ

167 3131 202 3198 αἱ
225 3129 370 3198 τολύπαι
395 3134 565 3222 (opetona)
589 3141 660 3198 τῶν
685 3132 794 3218 ἐρίων.
841 3135 898 3199 Ex.
922 3157 951 3217 p.
974 3134 1074 3210 1399,
1098 3134 1141 3198 64
1170 3133 1222 3220 (of.
1246 3133 1284 3198 fr.
1310 3135 1339 3198 8.

166 3245 232 3305 not.
253 3240 297 3326 2.)
317 3234 404 3325 ἂγμο
423 3241 507 3306 Aelii
525 3241 670 3325 Dionysii
688 3239 785 3306 fnisse
804 3240 948 3318 vidimus,
971 3240 1056 3304 unde
1079 3240 1176 3305 etiam
1198 3235 1340 3326 βήρηκες

167 3352 200 3412 et
219 3341 363 3412 τολύπαι
386 3349 428 3413 ad
447 3348 537 3413 illum
555 3347 723 3413 referenda
746 3367 814 3412 esse
836 3351 923 3430 puto.
955 3347 1043 3423 Inde,
1066 3348 1152 3429 quod
1174 3347 1253 3412 alias
1276 3348 1340 3410 iam

167 3454 419 3519 demonstratum
434 3460 490 3532 est,
507 3456 623 3519 iterum
638 3455 875 3519 demonstratur
888 3453 1088 3537 Tryphonem
1102 3453 1143 3518 ab
1157 3453 1248 3518 Aelio
1262 3453 1339 3518 Dio·

166 3560 258 3644 nysio
282 3560 485 3643 compilatum
508 3581 584 3625 esse.

257 3664 333 3731 Sine
361 3666 458 3732 dubio
485 3667 579 3750 plura
601 3665 826 3750 Tryphoniana
853 3665 967 3750 glossis
990 3665 1202 3730 atticistarum
1224 3665 1339 3729 insunt.

166 3772 224 3849 Ea,
251 3793 334 3855 quae
356 3771 436 3838 Nab.
462 3793 500 3837 ex
523 3773 700 3858 Tryphonis
723 3777 755 3838 et
776 3773 951 3839 lexioorum
974 3793 1126 3838 consensu
1150 3771 1190 3837 ad
1214 3770 1339 3837 Aelium

258 3967 280 4036 ¹)
299 3966 478 4036 Ineptissima
496 3967 547 4022 illa
565 3968 609 4022 Et.
623 3967 692 4023 Gud.
707 3969 743 4022 ad
757 3967 945 4022 Herodianum
958 3965 1046 4021 refert
1058 3982 1084 4035 p.
1099 3965 1160 4032 104,
1176 3967 1217 4021 10.
1231 3964 1266 4020 of.
1280 3966 1336 4020 He·

167 4056 226 4110 rod.
239 4071 266 4124 p.
281 4056 319 4110 II.
336 4057 396 4124 174,
410 4057 434 4111 7.
448 4058 543 4111 Lentz.

259 4145 280 4212 8)
300 4145 449 4216 Chrysippi
467 4145 659 4215 etymologiam
684 4145 741 4200 Iam
759 4144 868 4214 pridem
886 4144 1027 4200 turbatam
1046 4144 1132 4200 fuisse
1152 4146 1234 4200 docet
1252 4143 1338 4199 Gaisf.

168 4233 205 4286 ad
222 4233 393 4301 Et.M.187,
408 4235 449 4289 17.
479 4235 521 4290 De
539 4234 650 4290 medela
670 4235 740 4289 certi
759 4233 909 4304 quidquam
928 4234 1024 4290 afferri
1042 4235 1146 4304 nequit.

257 4320 280 4392 ⁸)
299 4321 333 4377 ef.
347 4321 420 4378 Suid.
527 4325 550 4390 ⁴)
570 4323 604 4379 oi.
618 4325 697 4380 Phot.
711 4324 776 4379 Hes.
