3000 5040
725 266 788 330 125

163 422 275 510 ἐρέται
303 423 387 490 εἰσὶν
415 425 472 488 καί
500 415 643 489 ὁπλῖται.
682 415 802 508 όμοιον
825 424 861 489 δὲ
884 415 970 507 πρὸς
992 415 1032 488 τό
1057 417 1273 509 αὐτοχόωνον
1297 419 1337 492 τό

164 523 506 616 αότοκάβόαλονθ)
533 532 591 595 καί
618 522 659 596 τό
686 522 778 616 παρὰ
802 534 978 612 Σοφοκλεῖ
999 522 1258 620 αότόξυλονῖ)
1283 529 1337 597 έκ-

162 661 268 721 ποομα
290 639 347 702 καὶ
369 627 457 714 όλοος
480 628 542 703 ὅσα
566 634 645 723 έργα
668 629 732 703 cdx
756 636 803 714 εἰς
825 632 949 714 κάλλος
971 636 1150 723 ε’ίργασται.

256 744 307 810 86.
330 744 500 810 Eustath.
520 767 549 828 p.
571 745 666 822 1039,
686 745 774 829 361).
804 738 1046 830 ἄφλαστονλ)
1068 745 1114 825 δέ,
1133 762 1246 828 φασιν,
1265 738 1339 829 οὐχὶ

163 843 206 917 τό
235 843 472 936 όκροστόλιον,
501 849 697 935 διαφέρουσι
724 841 786 935 γὰρ
815 847 849 914 αἱ
876 849 994 931 λέξεις,
1022 842 1106 915 αλλὰ
1134 843 1220 916 κατὰ
1243 853 1338 917 Aloe.
1366 871 1379 911 s

164 981 242 1042 μου,
265 948 311 1034 ὥς
333 973 413 1044 φησι
435 957 680 1037 Παυσανίας,
703 947 743 1022 τό
768 955 823 1022 ἐπὶ
846 952 997 1043 πρύμνης
1021 950 1270 1042 ἀνατεταμένον
1294 957 1340 1035 είς

164 1055 253 1147 ῧφος
267 1062 304 1128 ἐκ
322 1059 481 1130 κανόνων
499 1063 657 1130 πλατέων
672 1062 957 1147 έπικεκαμμέντον,
978 1059 1152 1150 διήκοντος
1167 1056 1214 1130 δι’
1225 1057 1339 1130 αὐτῶν

165 1171 312 1248 πλατέος
339 1172 517 1251 κανονίου,
549 1163 794 1258 ὑπηρεισμένου
826 1165 938 1254 τούτῳ
968 1171 1160 1251 στυλίσκου,
1194 1165 1339 1237 όπισθεν

165 1285 230 1342 τοῦ
245 1272 463 1364 κυβερνήτου.
487 1273 712 1363 κρεμάννυται
728 1268 762 1342 δ’
777 1274 814 1340 ἐκ
828 1281 899 1341 rodo
913 1277 1085 1341 xcvovtoov
1099 1278 1156 1340 καὶ
1173 1284 1236 1341 τοῦ
1255 1283 1339 1361 θρα-

166 1385 244 1449 νίου
266 1385 379 1449 ταινία
389 1385 417 1470 ³)
440 1383 486 1460 είς
507 1379 706 1469 παράσημον
731 1375 854 1469 δηλαδὴ
882 1390 941 1468 τῆς
963 1378 1051 1468 νηός.
1087 1383 1156 1465 [καὶ
1181 1390 1339 1448 τοιοῦτον
1354 1405 1379 1444 ro

165 1491 228 1583 μὲν
250 1483 290 1555 τὸ
315 1483 489 1572 ἄφλαστον
513 1486 822 1574 έτυμολογούμενον
842 1481 909 1554 ἀπό
929 1497 1000 1555 τῶν
1022 1481 1065 1575 μὴ
1090 1486 1213 1577 ῥᾳδίως
1237 1494 1339 1571 φλᾶσ-

167 1603 230 1673 θαι
252 1588 357 1682 ἤγουν
379 1601 532 1662 θλᾶσθαι
554 1588 641 1661 κατὰ
665 1592 842 1661 διάλεκτον
858 1588 1018 1682 Ἀττικὴν,
1033 1588 1088 1672 σός
1107 1597 1265 1682 δηλοῦται
1283 1597 1340 1660 καὶ

166 1695 260 1788 παρὰ
278 1711 328 1788 τῷ
342 1706 506 1794 κοομικῷ]
524 1693 838 1789 Άκροστόλιον4)
860 1701 906 1784 δέ,
925 1719 1017 1784 φασι,
1034 1693 1075 1768 τό
1095 1693 1163 1768 ἀπὸ
1182 1710 1239 1790 τῆς
1257 1726 1339 1768 πτυ-

165 1817 225 1896 χῆς
248 1801 426 1876 ἀνατεῖνον
449 1804 551 1890 ξύλον
575 1807 631 1875 ἐπὶ
651 1800 714 1897 τὴν
737 1805 889 1896 πρῴραν,
912 1811 990 1895 περὶ
1009 1798 1050 1875 οὗ
1068 1810 1125 1874 καὶ
1149 1801 1255 1875 αὐτοῦ
1277 1834 1340 1897 φη-

169 1932 223 1981 σιν
255 1910 274 1981 ὃ
302 1917 459 2002 Δίδυμος,
492 1906 545 1983 ότι
577 1907 616 1982 τὸ
649 1911 832 2001 λεγόμενον
865 1909 1087 2002 σῖκροστόλιόν
1119 1915 1210 1982 ἐστιν
1239 1909 1340 2003 ἄκρος
1355 1937 1379 1976 15

169 2016 297 2099 στόλος.
330 2019 471 2101 στόλος
495 2023 532 2088 δέ
554 2021 625 2088 ἐστι
647 2014 687 2088 τό
711 2015 779 2088 dard
804 2029 862 2109 τῆς
884 2022 1062 2109 λεγομένης
1089 2030 1215 2109 πτυχῆς
1239 2019 1340 2104 ξύλον

167 2125 288 2194 πλατύ.
319 2121 445 2216 πτυχὴ
474 2129 512 2195 δέ
538 2128 629 2196 ἐστιν
653 2117 745 2195 όπου
769 2127 806 2194 οἵ
825 2152 861 2194 τε
885 2121 1060 2213 όφθαλμοὶ
1084 2135 1339 2215 ζωγραφοῦνται

167 2237 226 2299 καὶ
248 2227 288 2301 τὸ
310 2243 368 2323 τῆς
390 2228 476 2314 νεοός
499 2229 607 2320 όνομα
630 2231 856 2321 ἐπιγράφεται.
904 2233 1035 2322 ἕτεροι
1059 2236 1099 2301 δὲ
1122 2238 1179 2301 καὶ
1201 2229 1241 2301 τὸ
1266 2253 1338 2301 στε-

167 2333 232 2406 νόν
255 2343 312 2406 καὶ
334 2341 381 2420 εἰς
404 2335 464 2424 ὀξὺ
486 2347 588 2430 λῆγον
612 2339 736 2409 στόλον
760 2344 871 2425 φασίν.

259 2449 309 2514 87.
341 2449 512 2516 Eustath.
531 2472 561 2534 p.
580 2450 658 2528 396,
679 2450 743 2536 1¹).
776 2451 955 2536 σημείοοσαι
979 2449 1015 2514 δὲ
1040 2440 1092 2515 ότι
1116 2441 1261 2533 τὸνμὲν
1284 2449 1338 2532 με’·
1353 2469 1379 2508 ιο

167 2571 285 2640 γιστον
307 2554 438 2642 τέττιγα
462 2549 641 2645 ἅχέτανλ)
665 2560 826 2621 καλοῦσιν
854 2553 887 2621 οἱ
908 2557 1047 2622 παλαιοὶ
1074 2548 1161 2620 κατὰ
1184 2558 1340 2620 Παυσα-

260 2787 281 2856 ⁶)
301 2787 336 2843 cf.
356 2789 416 2855 884,
436 2789 470 2843 26
492 2793 520 2843 ot
538 2788 610 2844 Prol.
631 2788 697 2858 cap.
716 2788 766 2843 ΙΙΙ.
787 2787 821 2844 cl.
840 2789 871 2843 B.
890 2790 923 2843 A.
943 2788 1009 2854 464,
1028 2788 1071 2842 27.
1090 2787 1134 2843 Et.
1155 2787 1192 2841 M.
1213 2787 1278 2855 174,
1298 2786 1340 2841 64.

167 2876 268 2947 Eupol.
288 2876 321 2932 fr.
341 2877 395 2931 200
413 2877 500 2933 Koclr.

260 2965 280 3032 ἵ)
299 2965 365 3020 Hes.
384 2965 418 3021 cl.
438 2967 521 3035 Soph.
540 2966 686 3021 Philoctet.
706 2967 749 3021 35.

215 3055 259 3109 86.
279 3056 300 3124 ¹)
318 3055 390 3110 Tota
403 3056 529 3111 doctrina
542 3057 662 3111 recurrit
674 3057 704 3110 in
716 3055 800 3110 schol.
815 3055 883 3110 Ven.
900 3056 931 3110 B.
949 3056 979 3117 O,
995 3056 1055 3118 717,
1071 3057 1121 3109 sed
1136 3058 1279 3111 auctorum
1292 3069 1340 3108 no-

168 3143 290 3198 minibus
309 3144 425 3199 omissis.
458 3145 524 3199 Ideo
543 3145 629 3200 etiam
647 3139 850 3215 ἄκροστόλιον,
876 3139 990 3208 στόλος,
1011 3139 1101 3213 πτυχή
1122 3143 1231 3212 glossae
1251 3143 1341 3198 eidem

170 3231 251 3299 fonti,
269 3232 287 3286 i.
308 3248 331 3287 e.
350 3233 514 3301 Pausaniae,
533 3233 728 3288 attribuendae
747 3239 818 3287 sunt.

260 3321 281 3388 ²)
299 3315 448 3391 ἄφλαστον
467 3322 501 3377 cf.
521 3322 596 3378 Suid.
615 3323 681 3377 Hes.
701 3323 780 3389 4171,
801 3323 843 3377 19.
861 3323 892 3376 Β.
911 3323 945 3376 A.
964 3321 1031 3376 Lex.
1047 3322 1148 3376 Herod.
1169 3321 1213 3391 (ΙΙ.
1234 3338 1260 3390 p.
1280 3320 1341 3387 403,

169 3411 206 3465 30
224 3410 331 3481 Stein),
350 3412 423 3467 unde
443 3411 574 3467 discimus
589 3412 751 3481 Apollodori
765 3411 918 3466 doctrinam
939 3427 956 3465 a
970 3410 1109 3465 Pausania
1123 3409 1256 3464 reiectam
1272 3425 1341 3464 esse.

169 3500 333 3569 Apollodori
352 3501 478 3556 doctrina
496 3501 570 3556 redit
584 3517 627 3570 ap.
643 3501 688 3555 Et.
703 3501 740 3554 M.
757 3501 816 3566 177,
832 3501 884 3566 41,
903 3498 952 3554 ubi
971 3498 1143 3570 etymologia,
1164 3514 1246 3567 quam
1265 3498 1341 3552 dam·

170 3589 244 3655 navi,
263 3589 389 3645 recurrit.
409 3589 453 3656 (cf.
474 3590 602 3659 Apollon.
622 3591 677 3644 lex.
697 3590 769 3643 hom.
785 3590 829 3658 49,
845 3590 868 3643 6.
888 3588 977 3642 Bckk.
992 3588 1161 3643 Schochn.
1181 3589 1214 3641 A.
1234 3587 1271 3639 ad
1290 3586 1307 3638 l.
1322 3584 1340 3638 l.

171 3677 264 3733 Treta.
284 3679 320 3734 ad
335 3678 471 3750 Lycophr.
490 3679 543 3749 26).

261 3765 283 3834 8)
304 3767 400 3823 Verba
424 3766 565 3822 Eustathii
593 3770 670 3822 recte
699 3783 729 3821 sc
752 3766 856 3821 habere
880 3765 1021 3832 videntum
1049 3762 1140 3816 ταινία
1167 3760 1341 3815 retinendum

171 3855 237 3924 (non
255 3851 290 3909 τὰ
308 3848 381 3923 ἡνία,
401 3859 433 3910 ut
451 3855 541 3910 Meier
560 3870 594 3910 ex
613 3855 703 3910 Schol.
717 3857 787 3912 Van.
801 3856 833 3909 B.
854 3853 964 3908 efficere
984 3851 1107 3918 studuit),
1128 3849 1163 3905 cf.
1178 3850 1245 3903 Poll.
1260 3849 1281 3902 Ι.
1299 3849 1341 3902 90.

260 3947 282 4012 ⁴)
302 3943 336 3999 cf.
356 3944 431 4000 Suid.
451 3944 541 4000 Schol.
560 3945 688 4014 Apollon.
708 3944 796 3998 Rhod.
816 3944 838 3997 Ι.
854 3943 930 3997 1089.
946 3945 975 3996 et
992 3940 1064 3994 Prol.
1084 3956 1110 4008 p.
1131 3941 1173 3993 62.
1187 3954 1240 4006 sq,
1260 3936 1341 3991 etde

171 4031 284 4087 vocibus
303 4029 413 4097 στόλος,
434 4028 524 4102 πτυχή
546 4032 580 4087 cf.
599 4032 668 4087 Poll.
687 4033 708 4086 Ι.
728 4033 771 4086 86.

216 4121 258 4175 87.
280 4121 301 4191 ¹)
321 4121 393 4190 Quos
412 4122 486 4177 locos
504 4121 568 4176 ideo
588 4119 729 4186 contexui,
753 4123 784 4173 ut
804 4123 950 4186 utrumque
970 4115 1122 4171 atticistam
1141 4129 1225 4184 saepe
1245 4113 1342 4169 eadem

172 4210 324 4263 decadem
345 4226 410 4265 voco
428 4209 576 4280 protulisse
596 4212 774 4278 cognoscatur
793 4206 827 4262 cf.
846 4206 918 4260 Prol.
937 4222 964 4275 p.
984 4205 1009 4259 4.

263 4298 283 4365 ⁹)
305 4299 371 4356 Hes.
392 4316 412 4354 s.
431 4317 456 4354 r.
477 4294 591 4370 ἀχέτας,
616 4293 726 4368 ἀχέτας.
763 4294 896 4352 Doctrina
919 4293 973 4349 luit
995 4292 1190 4362 Aristophanis
1208 4293 1272 4363 Byz.
1296 4290 1341 4361 (cf.

170 4385 242 4441 Mill.
262 4387 326 4442 Mol.
345 4405 372 4457 p.
391 4389 467 4458 431),
491 4389 539 4458 qui
562 4404 611 4443 sua
635 4404 670 4441 ex
693 4387 754 4456 ipso
772 4385 865 4441 hausit
884 4384 1035 4439 Aristotele
1055 4381 1126 4438 Hist.
1145 4382 1236 4437 Anim.
1255 4382 1289 4437 V.
1307 4381 1343 4434 30
