3000 5040
723 265 788 334 219

171 423 210 490 δέ
235 447 296 502 τις
319 421 448 509 ίοτορεί
468 426 526 490 καὶ
553 418 849 511 όρθοοταδίους
869 432 1027 510 χιτῶνας,
1050 427 1173 511 λέγων,
1202 418 1254 493 ὅτι
1277 420 1341 513 ὀρ-

168 526 429 617 suscitant),
450 530 513 616 plu
537 529 570 597 οἴ
593 534 720 613 στατοὶ,
744 533 883 618 ουρτοὶ
907 532 942 599 δὲ
967 531 999 598 ol
1024 529 1211 617 συρόμενοι.

256 637 331 703 326.
364 637 537 703 Eustetln
560 661 590 722 p.
619 639 698 716 883,
721 638 773 705 55.
818 630 939 704 καινὸν
967 639 1002 704 δὲ
1031 631 1132 705 οὐδὲν
1157 636 1342 725 χόρτονῑ)

164 736 273 831 αὖλῆς
298 742 457 829 λέγεσθαι
488 737 551 831 τὴν
577 737 752 832 περιοχὴν,
785 736 853 810 ἀπὸ
884 741 1010 830 χόρτου
1042 738 1121 811 κατ’
1149 738 1343 831 ἀρχαϊσμὸν,

164 849 235 936 εἴγε
257 851 313 916 καὶ
337 841 378 916 τὸ
399 846 706 938 χορτάζεσθαϋ)
728 853 854 936 κυρίως
870 852 933 936 μὲν
957 849 1013 917 ἐπὶ
1035 844 1229 937 ὑποζυγίων
1250 844 1343 938 παρὰ
1371 873 1383 912 ε

162 947 231 1024 τὸν
251 952 392 1043 χόρτον,
418 958 552 1023 τίθεται
580 957 616 1023 δὲ
643 959 699 1023 καὶ
728 956 784 1024 ἐπὶ
807 949 1021 1043 ἀνθρώπων,
1049 950 1097 1036 ὡς
1124 960 1181 1023 καὶ
1206 959 1344 1037 Αἴλιος

162 1058 378 1141 Διονύσιος
398 1071 695 1150 παρασημειοῦται.
1179 1049 1182 1052 ’

258 1170 333 1236 327.
365 1170 540 1236 Eustath.
563 1194 592 1255 p.
615 1171 711 1248 1752,
730 1171 781 1237 23.
814 1163 854 1236 το
879 1167 1051 1255 δὲχύριον
1073 1166 1343 1258 (1.χύρριον)1)

164 1272 261 1343 πάνυ
285 1276 438 1362 δυσχερὲς
459 1284 535 1354 πῶς
557 1269 600 1342 ἂν
623 1269 678 1343 διὰ
701 1283 763 1342 τοῦ
787 1287 804 1342 ἓ
826 1281 930 1360 ψιλοῦ
951 1273 1132 1362 γράφοιτο,
1160 1275 1189 1342 εἴ
1211 1269 1255 1365 μὴ
1279 1270 1344 1362 ἄρα

165 1381 250 1462 ἴσως
268 1374 353 1450 κατὰ
372 1375 638 1468 ὄνοματοιτοιίαν
660 1379 754 1463 τινά,·
777 1373 910 1468 ὅτιγὰρ
934 1377 1044 1461 ἄλλως
1066 1383 1199 1467 μέτεστί
1216 1407 1250 1448 τι
1272 1389 1384 1448 τοίνυν

164 1489 295 1575 χοίρων
317 1490 374 1554 καὶ
396 1496 447 1576 τῷ
467 1491 610 1575 χυρρίῳ,
641 1491 737 1576 δηλοῖ
758 1482 777 1555 ὃ
802 1482 942 1570 είπαῖν,
970 1480 1024 1556 ὅτι
1050 1486 1189 1575 χύρριον
1214 1480 1343 1572 δεσμὸς,

168 1585 201 1682 ᾧ
227 1596 391 1680 διομεῖται
413 1587 455 1662 τὰ
476 1597 635 1680 χοιρίδια,
663 1598 720 1661 καὶ
743 1587 797 1662 ὅτι
817 1592 956 1681 χύρριον
980 1592 1096 1678 ξύλον,
1124 1585 1153 1680 ᾧ
1181 1596 1343 1681 προσδεο-

163 1696 329 1788 μεύονται
365 1699 398 1768 ol
433 1691 480 1780 ὗς.
526 1695 722 1768 ὑπονοεῖται
755 1702 792 1769 δὲ
828 1694 907 1768 κατ’
930 1695 1197 1788 ὀνοματοποιῖαν
1223 1694 1244 1789 ἡ
1275 1724 1343 1766 τοι-

166 1803 257 1896 αίτη
283 1803 370 1874 εἶναι
395 1800 522 1896 γραφὴ,
550 1807 586 1890 ἐξ
612 1797 654 1875 οὗ
680 1804 801 1894 γράφει
823 1807 962 1886 Αἴλιος
985 1804 1195 1887 Διονύσιος
1223 1800 1342 1874 είπών·

163 1909 302 2001 χύρρε·
326 1912 519 2000 ἐπίφθεγμα
540 1908 627 2002 πρὸς
648 1906 728 1993 τοὺς
750 1902 797 1992 ὗς.
1359 1933 1384 1973 1⁶

742 2150 778 2212 Ψ.

259 2304 335 2373 328.
367 2304 540 2372 Eusteth.
559 2329 589 2391 p.
611 2307 705 2384 1914,
724 2306 776 2371 26.
808 2306 895 2391 λέγει
917 2305 953 2371 δὲ
972 2308 1030 2371 καὶ
1046 2304 1185 2382 Αἴλιος
1203 2300 1344 2370 Διονύ-

166 2430 272 2492 σιος,
290 2411 319 2478 εί
337 2403 455 2498 καὶμὴ
474 2410 528 2478 ἐπὶ
543 2419 674 2498 νευρᾶς,
693 2399 842 2478 ἄλλόὖν
861 2410 917 2479 ἐπὶ
933 2412 1068 2497 χορδῶν
1085 2416 1258 2495 μουσικῶν
1276 2421 1344 2474 κει-

168 2523 257 2586 aaut
278 2519 336 2583 καὶ
357 2510 398 2584 τό
421 2513 676 2605 ψατάλλεινῙ)
699 2519 757 2584 καὶ
777 2509 818 2584 τό
841 2522 1042 2602 ψαίῖαλεῑν
1065 2508 1142 2582 ἀντὶ
1159 2522 1222 2583 τοῦ
1239 2520 1344 2603 ψηλα-

170 2630 247 2708 φᾶν
269 2625 327 2690 καὶ
347 2621 537 2709 μαλάττειν.

168 2871 263 2928 Schol.
282 2873 349 2928 Lne.
369 2874 421 2928 vol.
440 2874 486 2928 IV.
506 2890 532 2943 p.
552 2874 596 2929 87.
614 2873 750 2929 Jacobitz.
769 2877 814 2939 (=
833 2875 885 2928 An.
898 2874 1011 2928 Baehm.
1025 2873 1060 2927 11.
1078 2872 1142 2941 331,
1160 2872 1215 2936 31.)
1233 2873 1287 2940 Ap.
1300 2870 1344 2926 Et.

168 2961 213 3017 M.
235 2961 326 3017 Sohul.
345 2961 412 3016 Luc.
431 2963 539 3032 plenior
562 2962 689 3016 doctrina
712 2962 788 3017 Aelii
811 2962 937 3032 Dionysii
960 2967 1071 3015 servata
1093 2965 1148 3026 est,
1173 2960 1208 3016 ol.
1231 2959 1346 3031 Freyer.

169 3049 251 3105 Stud.
274 3049 351 3119 Lips.
370 3050 403 3104 V.
421 3066 449 3119 p.
467 3051 528 3105 264.
551 3054 608 3104 οοί.
627 3051 653 3105 3.
682 3051 811 3105 Fortasse
834 3050 899 3105 inde
922 3050 1014 3118 glossa
1039 3043 1269 3119 ἑτερομιίσχαλος
1291 3054 1345 3118 (ap.

171 3138 253 3194 Phot.
273 3139 348 3194 Suid.
368 3138 458 3194 Sobel.
476 3142 524 3194 Ar.
542 3139 627 3208 Vesp.
646 3139 709 3203 444)
727 3139 763 3193 ad
781 3139 921 3193 atticistas
938 3137 1086 3192 referenda
1104 3144 1155 3193 est.

262 3227 283 3293 ⁸)
302 3227 385 3283 Gonu.
400 3227 477 3282 Phot.
492 3227 567 3283 Suid.
586 3227 676 3282 Schol.
694 3229 742 3283 Ar.
761 3227 824 3298 Lyn.
843 3229 887 3282 45.
911 3226 950 3282 Cf.
970 3227 1034 3282 Hes.
1048 3228 1149 3297 Phryn.
1162 3227 1230 3282 Lol).
1244 3242 1270 3296 p.
1286 3227 1346 3284 238.

169 3315 240 3371 Poll
259 3316 321 3372 VII.
340 3316 384 3371 49.
416 3315 460 3370 Ex
478 3317 544 3372 Hes.
563 3311 733 3388 κιμβερικὸν
756 3316 801 3380 (ei.
821 3317 900 3371 Phot.
919 3315 987 3370 Poll.
1006 3316 1068 3371 VII.
1087 3317 1141 3382 49.)
1165 3315 1251 3370 etiem
1274 3318 1347 3371 hanc

171 3404 291 3474 glossam
310 3403 495 3460 atticisterum
513 3420 575 3460 esse
594 3404 699 3472 efficio,
724 3403 758 3460 ol.
779 3404 850 3460 Geli.
865 3406 926 3461 Vll.
945 3407 986 3460 12.
1006 3404 1096 3461 Schol.
1116 3407 1164 3460 Ar.
1183 3404 1246 3474 [γε.
1266 3404 1308 3460 45.

216 3493 277 3548 326.
299 3494 320 3556 ¹)
338 3493 378 3548 cf.
397 3494 463 3548 Hes.

263 3582 285 3645 ¹)
304 3582 386 3637 Cous.
399 3582 466 3637 Lex.
480 3582 593 3636 Baehm.
607 3583 669 3649 418,
683 3583 725 3638 17.
745 3582 786 3638 cf.
801 3582 845 3638 Et.
865 3584 904 3638 M.
923 3584 1025 3646 814.1.
1045 3582 1113 3638 Gud.
1133 3583 1233 3649 569,1.
1252 3580 1345 3635 Orion.

170 3685 200 3738 p.
216 3671 276 3734 165,
291 3673 334 3726 21.
350 3670 418 3724 Poll.
433 3671 480 3726 VI.
493 3672 535 3726 49.
551 3701 586 3711 -
604 3671 818 3739 Pamphilum
832 3671 936 3726 fontem
951 3671 1037 3726 luisse
1052 3671 1133 3725 huius
1146 3669 1346 3725 observationis

174 3757 257 3813 donet
274 3758 341 3814 Ath.
359 3759 409 3814 ΙΙΙ.
428 3760 472 3816 56.
491 3764 528 3829 (p.
549 3760 636 3826 9911),
660 3760 709 3814 ubi
727 3759 861 3828 Ulpianus
879 3760 975 3814 multis
994 3768 1022 3815 et
1041 3759 1160 3828 egregiis
1179 3757 1345 3813 testimoniis

173 3861 204 3901 se
218 3846 371 3912 aer1mine,
384 3847 466 3903 nimia
480 3849 584 3904 tumide
600 3865 630 3903 se
640 3850 743 3914 dicere,
756 3849 907 3904 defendere
919 3850 1019 3903 studet.
1040 3849 1081 3904 cf.
1092 3847 1163 3902 Ptol.
1175 3847 1240 3915 Cep.
1251 3846 1284 3901 V.
1295 3850 1310 3910 6
1320 3847 1345 3901 3.

219 3936 280 3990 327.
299 3937 322 4004 ¹)
340 3937 432 3992 Etiam
450 3933 569 4009 χύρριον
587 3939 706 4006 glossam
725 3939 801 4006 apud
813 3938 924 3992 Aelium
944 3937 1029 3991 fuisse
1043 3951 1141 3991 censeo
1154 3939 1267 4004 propter
1280 3933 1345 3988 Hes.

174 4042 195 4079 a.
215 4021 571 4097 τ.-χύρρα1]ε1)οεαρ.
591 4028 656 4082 Hes.
684 4026 728 4081 Ex
752 4022 871 4097 ἐπιλογῇ
894 4024 1002 4092 λέξεων
1025 4023 1131 4099 ἀρχαία
1154 4026 1283 4079 laudetur
1301 4039 1345 4092 ap.

173 4113 251 4167 Eunt.
270 4130 297 4184 p.
316 4116 377 4182 855,
396 4116 449 4181 24,
469 4114 504 4170 el.
523 4115 557 4171 ir.
578 4117 638 4172 337.
667 4117 708 4170 De
728 4115 804 4171 fonte
824 4116 877 4169 vid.
891 4116 989 4170 Nauck
1008 4117 1056 4169 Ar.
1074 4116 1138 4184 Byz.
1153 4130 1179 4182 p.
1197 4115 1256 4168 166.
1276 4112 1347 4167 Prol.

172 4217 199 4270 p.
219 4203 261 4257 19.
281 4204 323 4260 68.

218 4291 279 4346 328.
300 4292 320 4359 ¹)
339 4293 420 4348 Gonu.
440 4294 515 4349 Suid.
534 4289 699 4363 ψαταίλλειν,
718 4290 888 4364 ψαθάλλειν,
909 4292 944 4350 el.
957 4293 1023 4350 Hes.
1036 4293 1122 4350 Moer.
1135 4292 1198 4362 214,
1212 4292 1237 4349 8.
1257 4291 1345 4346 Bekis.

173 4379 205 4434 B.
225 4381 257 4435 A.
277 4381 302 4446 9,
321 4383 345 4436 6.
