3000 5040
735 188 776 252 37

164 345 248 433 μένη
270 337 333 413 τὸν
356 347 495 434 σίδηρον
513 338 747 432 Ἡρακλεωτις,
773 339 793 433 ἦ
824 346 860 411 δὲ
884 350 1054 434 Μαγνῆτις
1064 348 1090 436 1)
1119 340 1218 434 δμοέα
1245 349 1336 417 ἐστὶν

166 444 301 539 ἀργύρῳ
330 446 376 532 ὡς
399 445 582 541 Εὐριπίδης
607 453 700 519 Οἰνεῖ
722 454 774 539 (fr.
794 454 856 518 571
884 454 1010 540 Nauck)

641 551 701 636 τὰς
724 564 857 645 βροτῶν

324 661 459 751 γνώμας
482 668 667 733 σκοπῶν
691 656 778 731 ὥστε
801 666 846 754 (9)
870 674 1028 753 μαγνῆτις
1050 669 1149 744 λίθος

325 764 387 860 τὴν
411 768 513 854 δόξαν
536 769 625 838 ἕλκει
648 775 705 838 καὶ
725 774 924 859 μεθίστησιν
947 769 1059 839 πόλιν.

167 870 208 944 οὐ
226 877 313 963 λέγει
331 887 394 945 νῦν
412 871 480 944 ὑπὸ
500 886 558 966 τῆς
575 875 776 966 μαγνήτιδος
794 880 895 946 λίθου
914 871 976 945 τόν
996 882 1143 967 σίδηρον,
1168 873 1251 946 ἀλλὰ
1275 873 1336 968 τὴν

165 991 237 1050 τοῦν
251 986 438 1071 θεωμένων
453 981 592 1073 δόκησιν
607 984 766 1051 ἕλκεσθαι
779 985 1004 1072 πλανωμένην
1024 981 1070 1064 ὡς
1084 980 1141 1052 ἐπ’
1156 979 1290 1073 ἀργύρῳ
1300 987 1335 1074 ²).

256 1095 382 1178 Χρῆσις
409 1095 493 1159 enim
522 1115 561 1159 ex
589 1094 695 1160 Oeneo
723 1093 898 1177 Euripides
923 1094 1022 1159 allata
1049 1096 1268 1161 tantummodo
1295 1095 1336 1159 ad

165 1199 302 1282 priorem
326 1197 385 1286 (=
407 1199 474 1266 Ael.
494 1199 601 1286 Dion.)
630 1200 820 1266 sententiam
847 1200 960 1265 referri
988 1206 1102 1284 potest.
1149 1201 1236 1280 Quae
1258 1202 1337 1266 lexi-

165 1305 342 1390 cographus
364 1312 414 1372 sat
432 1308 539 1391 inepte
557 1307 592 1370 in
609 1306 678 1372 loco
696 1306 870 1390 Euripiden
888 1307 1058 1390 vituperat,
1080 1307 1153 1372 ideo
1176 1306 1337 1374 reicienda

165 1418 249 1490 sunt,
271 1414 356 1496 quod
375 1414 443 1478 sine
462 1413 527 1479 ulla
546 1413 746 1479 dubitatione
763 1435 859 1497 μαγν.
879 1417 907 1477 λ.
927 1413 968 1478 ab
986 1413 1139 1498 Euripide
1157 1435 1250 1481 sensu
1268 1420 1335 1479 tro-

164 1519 237 1602 pico
255 1518 477 1586 adhibebatur.
510 1519 641 1586 Talibus
657 1521 851 1603 argumentis
866 1520 1107 1605 lexicographus
1125 1521 1245 1586 nemini
1262 1542 1335 1604 per·

164 1624 321 1702 suadebit,
344 1626 535 1709 Diogeniani
557 1625 738 1710 opinionem
760 1647 867 1692 veram
890 1648 972 1704 esse,
1002 1629 1061 1692 etsi
1084 1629 1148 1692 iam
1170 1626 1251 1692 Plat.
1270 1627 1336 1692 Ion.

165 1731 265 1796 5331)
285 1731 379 1818 (θεία
398 1728 547 1817 δύναμις,
571 1724 592 1819 ἥ
612 1750 648 1798 σε
667 1743 762 1813 κινεῖ,
787 1723 899 1818 ὥσπερ
925 1731 961 1798 ἐν
984 1741 1025 1817 τῇ
1048 1735 1148 1818 λίθῳ,
1170 1726 1213 1820 ἣν
1236 1726 1336 1820 Εὐρι-

163 1838 265 1924 πίδης
286 1837 347 1922 μέν
369 1843 543 1926 Μαγνῆτιν
567 1830 737 1923 ω’νόμασε,
766 1836 799 1903 οἱ
823 1839 859 1905 δὲ
881 1840 1005 1904 πολλοὶ
1024 1831 1233 1928 Ἡρακλείαν)
1256 1840 1338 1906 falsa

164 1943 334 2028 protulisse
356 1946 571 2030 Diogenianus
595 1945 654 2033 (=
676 1946 750 2012 Hes.
765 1937 808 2011 Ἡ.
828 1946 873 2032 λ.)
897 1947 1011 2030 arguit.
1052 1945 1086 2012 Si
1109 1946 1207 2029 igitur
1229 1947 1337 2014 Photii

164 2050 270 2115 locum
296 2057 382 2117 recte
410 2053 615 2137 corrigemus,
642 2074 693 2118 res
720 2053 767 2117 ita
789 2051 867 2116 mihi
890 2054 1113 2118 constituenda
1134 2053 1272 2131 videtur,
1300 2060 1337 2120 ut

165 2156 252 2241 apud
279 2159 436 2224 atticistas
465 2157 529 2246 (vel
552 2181 662 2225 eorum
684 2158 802 2243 fontes)
830 2158 917 2225 locus
940 2158 1038 2224 fuerit
1060 2159 1115 2224 ille
1138 2160 1337 2245 Euripidem,

165 2263 380 2347 Diogenianus
404 2269 511 2330 autem
534 2265 634 2331 doct
593 2271 697 2331 trmae
719 2265 902 2331 Platonicae
929 2266 1096 2332 oblocutus
1117 2265 1220 2331 locum
1243 2267 1336 2332 Euri-

164 2370 294 2454 pideum
313 2370 420 2456 (quem
438 2371 529 2437 Plato
547 2372 566 2437 l
586 2371 606 2436 l.
624 2373 800 2455 respexisse
818 2372 944 2438 videtur
906 2373 1001 2454 urit)
974 2394 1089 2438 1erum
1107 2375 1336 2450 retractaverit,

165 2477 368 2562 etexplicat
359 2498 464 2544 ronem
486 2478 574 2544 illam
597 2476 802 2545 artificiosam
825 2478 994 2545 addiderit.

254 2583 365 2668 Neque
387 2590 495 2650 tamen
516 2607 567 2651 res
590 2585 737 2651 absoluta
760 2591 816 2649 est.
857 2584 1001 2650 Occurrit
1023 2583 1107 2650 enim
1130 2584 1243 2650 tertius
1266 2585 1336 2668 qui-

166 2689 241 2754 dam
257 2689 354 2768 locus,
376 2691 432 2774 qui
450 2693 564 2769 omnia,
587 2713 668 2776 quae
688 2690 856 2775 diligenter
875 2691 1054 2767 struximus,
1072 2692 1188 2755 iterum
1211 2692 1336 2756 diruere

165 2795 299 2862 videtur.
345 2797 436 2863 Phot
454 2797 537 2863 Bibl.
557 2799 624 2865 cod.
644 2797 717 2862 279.
742 2797 796 2884 (ex
824 2797 986 2882 Helladio)
1016 2785 1116 2874 οὗτος
1143 2796 1197 2883 (sc.
1218 2797 1336 2882 Diony-

165 2903 232 2968 sius
254 2903 360 2987 paullo
383 2910 457 2970 ante
480 2905 643 2992 laudatus)
666 2903 728 2989 μέν
752 2920 855 2991 φησιν
874 2895 947 2988 οὐχὶ
963 2910 1126 2990 μαγνῆτιν
1145 2895 1229 2969 ἄλλα
1243 2896 1335 2991 Ἡρα-

165 3010 282 3075 κλεέαν
300 3016 480 3077 καλεῖσθαι
497 3002 560 3098 τὴν
579 3013 691 3092 λίθον,
715 3002 786 3097 ἥτις
805 3008 893 3076 έλκει
915 3002 958 3075 τὰ
983 3006 1121 3097 σιδήρια.
1154 3013 1277 3076 πολλοὶ
1301 3010 1336 3076 δὲ

165 3107 262 3181 ἄλλοι
288 3108 351 3204 τὴν
380 3109 486 3204 αὐτὴν
509 3122 688 3184 καλεῖσθαι
711 3119 768 3183 καὶ
791 3121 966 3205 Μαγνῆτιν
993 3119 1050 3183 καὶ
1068 3110 1262 3203 Ἡρακλείαν
1286 3115 1336 3182 λέ-

165 3238 297 3306 γουσιν,
325 3216 547 3302 ἀποδιδόντες
575 3226 633 3290 καὶ
659 3216 718 3302 τὰς
747 3223 853 3302 αἰτίας
880 3230 939 3311 τῆς
968 3219 1133 3308 διαφόρου
1167 3225 1335 3310 σημασίας.

164 3329 335 3414 Dionysius
353 3337 410 3396 aut
411 3353 461 3397 em
483 3332 627 3398 atticista
592 3331 711 3397 tfuit
735 3330 788 3418 (cf
808 3330 886 3397 Nab
906 3331 989 3397 Prol.
1007 3354 1037 3415 p.
1059 3330 1123 3396 194
1141 3330 1209 3416 sq.).
1250 3331 1336 3408 Quae

165 3435 307 3501 Helladii
328 3437 434 3520 glossa
456 3460 496 3522 op
498 3440 576 3504 time
598 3438 744 3504 convenit
767 3460 838 3503 cum
856 3436 947 3504 Phot.
966 3437 1063 3514 Suid,
1086 3436 1245 3502 attioistae
1267 3435 1336 3501 loco

256 3684 276 3750 ¹)
295 3683 337 3739 De
356 3701 387 3740 re
407 3685 441 3741 ol.
455 3685 525 3741 Plim
540 3687 567 3741 h.
581 3701 608 3740 n.
622 3686 750 3742 XXXVI.
766 3687 825 3741 129.
843 3684 1009 3740 deterrimus
1028 3688 1122 3739 autem
1141 3685 1170 3738 in
1190 3683 1337 3752 Magnesia

164 3771 252 3826 Asiae
272 3773 406 3829 candidus
424 3791 513 3844 neque
531 3777 677 3831 attrahens
690 3774 803 3830 ferrum.

256 3861 401 3930 ²)Ultima
419 3865 504 3919 verba
524 3880 605 3918 sensu
625 3870 733 3918 carent:
761 3863 879 3918 fortasse
898 3863 1046 3931 legendum
1065 3864 1120 3915 est:
1148 3856 1337 3928 πλανωμένην

165 3943 204 4014 ὡς
223 3945 271 4004 ἐπ’
291 3945 373 4024 ἀργῷ
391 3956 439 4019 (sc.
458 3947 587 4025 σιδήρῳ),
612 3952 868 4018 annumeras
887 3950 956 4016 (loco
976 3955 1098 4004 ceterum
1117 3951 1172 4005 huc
1190 3965 1243 4004 non
1262 3947 1335 4003 refe·

164 4039 262 4106 rende)
289 4039 324 4094 de
352 4046 480 4108 magnete
504 4041 626 4096 exhibet.
664 4043 709 4095 An
732 4040 817 4094 verba
839 4039 977 4108 μαγνῆτις
1001 4033 1085 4105 ὁμοία
1109 4034 1187 4092 ἐστὶν
1210 4031 1335 4110 ἀργύρῳ,

165 4143 228 4182 cnm
250 4131 351 4184 natura
368 4129 430 4199 ipsa
449 4131 554 4198 obstet,
577 4135 655 4185 rente
674 4145 703 4183 se
722 4129 859 4195 habeant,
883 4127 987 4181 dubito.
1026 4127 1112 4181 Error
1135 4126 1169 4194 (si
1188 4142 1265 4181 error
1283 4129 1335 4193 est,

165 4232 219 4271 non
238 4218 379 4288 mendum)
398 4223 428 4274 et
440 4219 573 4275 atticistis
592 4226 621 4273 et
633 4217 804 4288 Diogeniano
823 4218 895 4286 (cnm
912 4231 956 4286 ap.
970 4216 1049 4271 Phot.
1062 4215 1137 4272 Suid.
1150 4215 1216 4271 Hes.
1229 4215 1335 4281 redeat)
1409 4208 1411 4212 ’

166 4308 387 4363 communisset.
