3000 5040
755 226 816 291 108

285 383 337 447 47.
374 383 548 449 Eustatb.
577 383 623 449 ad
654 385 758 468 Diog.
786 385 930 469 Periog.
959 384 1034 450 525.
1071 377 1224 474 ἀμόργη
1256 379 1277 474 ἧ
1308 393 1368 453 τοῦ

198 488 313 555 ἐλαίου
336 481 553 577 ὑποστάθμη,
582 480 602 555 ὅ
626 490 717 556 ἐστιν
741 483 760 556 ὁ
784 493 963 576 τρυγίαςῑ).
996 493 1230 571 Παυσανίας
1252 492 1303 574 δέ,
1329 481 1367 558 οὗ

197 586 237 659 τδ
269 587 419 660 Ἀττικὸν
456 589 604 677 λεξικδν,
645 591 727 662 ἀλλο
764 621 797 662 τι
835 597 989 682 ἐμφαίνει
1020 597 1144 683 λέγων·
1185 592 1364 685 ἀμοργδς·

198 693 317 785 ὅμοιον
334 698 457 786 βύσσῳ.
482 705 538 767 καὶ
557 694 610 769 ὅτι
629 695 766 788 ἀμοργὶς
784 702 877 781 ἰδίως
894 696 1146 792 ἧλινοκαλάμη,
1165 703 1202 787 ἐξ
1218 694 1260 792 ἧς
1277 701 1365 772 ἐνδύ-

169 829 182 867 5
196 831 284 890 ματα
311 801 496 893 Ῐίμοργίδια
524 811 557 894 (l.
582 802 791 895 ἀμόργινα)
824 805 1001 895 λεγόμενα,
1033 802 1080 887 ὡς
1107 802 1126 877 ὃ
1156 803 1307 895 κωμικὸς
1332 809 1364 876 ἐν

197 910 409 999 Λυσιστράτῃ
433 916 528 1002 (159)
553 916 649 1002 δηλοῖ
656 917 692 1001 ¹).

285 1021 337 1087 48.
370 1021 545 1086 Eustath.
564 1044 594 1104 p.
612 1022 707 1098 1716,
726 1022 777 1086 36.
805 1013 960 1100 Ἀττικῶς
977 1020 1119 1088 ἐκτείνει
1135 1015 1201 1110 τὴν
1219 1019 1363 1110 παραλή-

196 1144 323 1211 γουσαν
350 1121 369 1213 ι)
395 1121 610 1212 ἀμπατιςῑ)
639 1120 686 1205 ὡς
712 1129 770 1192 καὶ
791 1119 832 1193 τδ
856 1125 1119 1216 αίματοιιότηθ)
1141 1131 1202 1195 καί
1224 1121 1364 1215 ὑδροπό-

196 1257 254 1320 της
285 1227 371 1298 ιιατά
400 1233 542 1299 Αίλιον
571 1230 798 1313 Διονύσιον,
830 1236 887 1300 καὶ
919 1227 966 1312 ὡς
998 1232 1091 1320 ε’ίιιερ
1119 1227 1295 1303 ὑπόθοιτό
1321 1259 1365 1312 τις

158 1363 183 1400 ιο
197 1336 394 1406 παύσασθαί
416 1364 501 1405 ποτε
525 1331 667 1425 ὕστερον
694 1333 734 1406 τὸ
764 1333 850 1407 κατὰ
873 1333 936 1428 τὴν
960 1336 1134 1427 Χάρυβδιν
1156 1333 1365 1428 ἀμπώτισμα,

199 1445 248 1532 εἴη
271 1438 315 1510 ἀν
338 1439 358 1532 ἡ
379 1445 484 1512 ἐκεῖσε
503 1454 543 1532 γῆ
562 1438 733 1512 ἀλίαιδον.
759 1447 888 1531 λέγεται
905 1439 967 1533 γὰρ
989 1439 1096 1532 παρὰ
1119 1459 1207 1526 τοῖς
1229 1454 1366 1516 παλαι-

198 1565 257 1630 οῖς
281 1553 408 1629 δασέως
432 1546 604 1633 ἀλίτιεδον,
627 1553 747 1618 πεδίον
769 1549 939 1639 πρότερον
960 1549 1118 1620 θάλασσα
1139 1552 1325 1642 γεγονόςδ).

357 1753 415 1838 δτῳ
434 1767 516 1819 δοκεῖ
534 1781 578 1819 σοι
599 1767 658 1819 δεῖν
676 1759 800 1832 μάλιστα
819 1767 854 1834 τῇ
872 1759 955 1820 πόλει

358 1850 421 1920 ἐμοὶ
439 1850 493 1920 μὲν
512 1849 560 1907 ἐπὶ
578 1849 628 1908 τὸν
647 1849 755 1923 μολγὸν
774 1845 865 1923 [εἶναι]
885 1848 939 1908 οὐκ
957 1848 1092 1922 ἀκήκοας.

198 1939 418 2011 Ἐρατοσθένης·
438 1937 546 2011 μολγὸν
560 1943 609 1995 καί
627 1937 755 2012 ἀμολγδν
773 1937 824 1997 τὸν
842 1937 936 2006 αὐτὸν,
956 1937 1100 2014 ἀμολγοὺς
1118 1941 1151 1999 δέ
1164 1940 1247 2016 παρὰ
1260 1939 1367 2008 τούτοις

198 2027 263 2095 τοὺς
290 2026 465 2100 ἀμέλγοντας
492 2026 527 2084 τά
554 2025 637 2085 κοινά
661 2073 667 2085 .
687 2073 693 2084 .
714 2073 719 2084 .
744 2030 912 2099 Quibuscum
941 2047 1089 2101 componas
1115 2038 1276 2102 corruptam
1302 2034 1364 2089 Hes.

198 2121 325 2190 glossam.
345 2114 459 2189 μολγὸς.
479 2150 512 2158 -
532 2119 624 2174 Ceteri
643 2120 834 2189 lexicographi
852 2121 937 2189 plane
955 2121 1074 2176 diversa.

242 2210 283 2263 47.
304 2211 326 2276 ¹)
344 2208 487 2263 Venabula
501 2203 615 2278 ἀμόργη
631 2212 661 2263 et
674 2204 794 2278 ἀμοργίς
803 2208 914 2277 saepius
928 2208 1042 2264 confusa
1056 2208 1179 2278 fuerumt,
1189 2208 1227 2266 cf.
1237 2210 1365 2267 Larcber.

196 2299 225 2352 in
244 2299 289 2352 Et.
300 2298 370 2352 Gud.
381 2298 423 2353 ed.
435 2298 522 2352 Stura.
533 2314 560 2366 p.
572 2298 632 2351 732.
651 2327 687 2336 -
701 2298 732 2352 L.
748 2297 832 2365 (lehn,
851 2297 967 2352 Jahrbb.
987 2298 1064 2353 XIII.
1082 2315 1109 2367 p.
1128 2298 1190 2354 810.
1209 2315 1237 2354 n.
1256 2293 1365 2370 ἀμόργη

196 2413 230 2432 =
250 2388 305 2441 olei
320 2387 513 2453 sedimentum,
533 2381 653 2456 ἀμοργίς
671 2411 706 2430 =
725 2385 812 2440 linum
831 2401 891 2440 esse
911 2385 1061 2449 contendit,
1080 2402 1113 2441 eo
1130 2387 1255 2443 maxime
1272 2387 1365 2453 batus,

197 2477 270 2545 quod
285 2476 350 2530 Hes.
364 2480 510 2543 utramque
525 2474 643 2543 glossam
663 2474 703 2528 ita
722 2474 859 2543 eprcat:
880 2475 992 2529 dubium
1011 2491 1047 2529 au
1058 2480 1144 2540 recte,
1164 2491 1227 2530 cnm
1239 2475 1364 2532 Emtatb.

197 2566 274 2629 1557,
289 2566 314 2619 3.
329 2565 374 2618 Et.
390 2565 428 2618 M.
444 2565 487 2631 85,
502 2565 537 2618 15
552 2557 682 2633 ἀμόργην
696 2588 731 2607 =
745 2565 830 2616 linum
847 2562 933 2618 fuisse
947 2561 1095 2618 affirment
1120 2563 1226 2619 Tamen
1241 2566 1278 2621 ad
1291 2565 1364 2621 illius

196 2652 363 2708 seutentiam
374 2653 574 2719 inclinaverim,
590 2668 651 2706 cum
662 2652 735 2720 apud
745 2651 877 2720 plurimos
887 2658 974 2707 testes
983 2652 1024 2708 ita
1034 2653 1177 2719 vocabula,
1189 2658 1221 2707 nt
1235 2669 1281 2724 ap.
1289 2654 1364 2709 Euat.

196 2758 280 2810 supra
298 2743 326 2809 l.,
346 2741 528 2809 explicentur.
550 2740 584 2794 cf.
600 2741 724 2794 Erotiau.
738 2758 764 2809 p.
781 2741 823 2806 44,
840 2743 864 2794 1.
879 2741 923 2795 Et.
939 2741 1009 2796 Gud.
1024 2742 1067 2804 71,
1081 2741 1125 2796 34.
1139 2741 1185 2796 at.
1200 2743 1238 2797 Μ.
1256 2743 1314 2809 lus,
1326 2742 1364 2798 14.

286 2831 306 2897 ²)
324 2831 430 2884 Eadem
453 2829 599 2898 proferrmt
622 2829 712 2884 Schol.
732 2830 801 2883 Plat.
822 2829 911 2898 Epist.
930 2831 1021 2886 363Α.
1051 2830 1142 2885 Schol.
1160 2832 1264 2886 Aescb.
1284 2832 1306 2885 I.
1323 2832 1364 2887 97.

196 2919 287 2973 Schol.
307 2921 354 2972 Ar.
373 2917 490 2987 Lysistr.
511 2919 571 2973 735.
591 2918 665 2972 Suid.
685 2918 721 2985 gl.
741 2919 765 2972 4.
785 2948 821 2956 —
840 2919 882 2972 De
901 2919 1024 2973 vestibus
1042 2918 1194 2988 amorgiuis
1215 2919 1268 2987 (ita
1286 2919 1363 2984 euim,

196 3005 230 3060 cl.
250 3005 340 3060 Meier
359 3005 409 3074 Op.
430 3006 464 3059 Il.
485 3007 528 3060 88.
549 3037 581 3045 -
601 3007 707 3076 Freyer
725 3023 751 3074 p.
772 3006 831 3059 277.
851 3001 1004 3076 ἀμοργίδια
1022 3023 1078 3061 nou
1095 3006 1170 3076 aptis
1188 3008 1283 3063 causis
1300 3007 1364 3064 retl-

195 3110 262 3148 nere
282 3095 376 3147 studet
393 3125 428 3132 -
445 3095 530 3148 etiam
548 3095 621 3162 apud
634 3094 800 3148 Pausaniam
820 3094 926 3149 scribas
946 3094 1047 3151 collato
1066 3097 1113 3150 Ar.
1126 3095 1192 3166 Lys.
1206 3097 1267 3152 150.
1280 3097 1364 3165 Harp.

195 3198 216 3236 s.
232 3185 267 3240 ν.)
288 3183 385 3235 eadem
404 3181 522 3250 legimus
542 3183 571 3236 in
585 3185 617 3240 Β.
633 3183 665 3237 Α.
680 3183 741 3253 2οᾒ4,
757 3185 781 3237 9.
796 3184 857 3250 210,
872 3185 914 3238 29.
935 3184 1021 3238 Moer.
1035 3184 1082 3238 Et.
1095 3184 1133 3238 M.
1148 3184 1193 3251 85,
1209 3185 1252 3241 15.
1266 3187 1312 3254 86,
1325 3186 1363 3241 16.

195 3269 263 3322 Poll.
291 3270 348 3323 Vll.
374 3271 416 3323 74.
441 3269 476 3324 cf.
501 3270 537 3324 ib.
563 3272 606 3325 57.
630 3271 697 3324 Hes.
721 3265 876 3342 ἀμόργινα·
900 3267 1047 3341 λειττούφη
1072 3272 1126 3336 (vel
1148 3274 1302 3344 λεπτοφυῆ
1324 3273 1365 3329 vol

195 3358 352 3426 lancelloti)
372 3353 521 3434 ἐνδύματα.
542 3359 616 3414 Suid.
637 3360 673 3427 gl.
693 3362 718 3415 3.
737 3391 772 3400 —
791 3360 892 3416 Rindfl.
913 3361 946 3416 fr.
967 3362 1001 3416 50
1025 3361 1110 3416 etiam
1128 3376 1176 3430 ea,
1200 3378 1275 3431 quae
1292 3363 1364 3420 uuio

195 3447 231 3515 gl.
250 3447 276 3500 4.
296 3447 330 3500 de
350 3447 404 3500 olei
424 3449 577 3502 sedimento
597 3448 711 3517 profert,
730 3450 884 3505 Pausaniae
902 3450 1040 3505 attribuit.
1074 3450 1148 3506 Num
1166 3450 1285 3507 alterius
1302 3450 1365 3507 atti-

196 3536 283 3589 oistae
299 3536 380 3589 sunt?
400 3536 435 3589 cl.
449 3538 526 3590 Euat.
543 3556 569 3607 p.
584 3539 645 3600 218,
662 3539 695 3592 12
715 3533 832 3609 ἀμέργω
848 3536 881 3593 τὸ
897 3536 1020 3607 exarare
1039 3535 1125 3594 κατὰ
1143 3534 1226 3605 τοὺς
1244 3543 1365 3596 τιαλαι·

196 3620 265 3688 οὺς,
286 3620 317 3690 ἐξ
337 3614 369 3679 οὗ
389 3627 437 3679 καί
456 3620 569 3696 ἀμόργη
588 3619 604 3694 ἡ
625 3630 677 3681 τοῦ
697 3623 793 3681 ἐλαίου
811 3621 992 3696 ὑποστάθμη.

239 3715 283 3769 48.
305 3715 324 3784 ¹)
344 3714 384 3768 Of.
400 3715 477 3769 Eust.
494 3716 528 3770 ad
544 3715 622 3784 Diog.
633 3716 741 3784 Perieg.
759 3719 816 3771 198.
837 3709 966 3783 ἀμπωτις
980 3715 1011 3772 δέ
1026 3714 1086 3772 ἐστι
1101 3716 1223 3788 ξηρασία
1238 3718 1289 3773 καί
1301 3712 1366 3773 ἀνά-

195 3819 278 3866 τιοσις
301 3792 403 3866 ὕδατος
426 3799 588 3874 asamonaei,
618 3799 762 3867 ἀνάπωτις
786 3794 858 3858 οὖσά
883 3823 924 3868 τις
947 3808 995 3859 καὶ
1019 3802 1051 3860 ἐν
1075 3809 1206 3876 σνγκστιῇ
1230 3797 1365 3875 ἀμτιοιτις.

195 3890 230 3945 cf.
249 3892 294 3946 Et.
314 3894 351 3947 M.
371 3895 413 3958 86,
433 3895 476 3948 50.
497 3893 566 3947 (iud.
587 3893 630 3957 46,
650 3894 692 3948 36.
712 3893 777 3948 Hes.
799 3899 828 3947 et
846 3895 877 3948 B.
891 3896 924 3948 A.
944 3896 1005 3961 388,
1025 3895 1050 3948 8.
1071 3895 1147 3949 Eros.
1166 3895 1192 3959 5,
1211 3894 1366 3951 ramlera.

284 3982 305 4047 8)
329 3981 394 4035 Cum
420 3981 545 4034 doctrina
570 3983 604 4035 de
628 3974 764 4035 baioarios
788 3981 892 4050 glossa,
921 3997 1003 4049 qnam
1027 3983 1104 4037 Euat.
1129 3984 1366 4039 exactoribus

195 4069 358 4138 depromsit,
378 4071 452 4138 apud
471 4069 558 4138 Harp.
579 4069 730 4136 fusissime,
751 4071 825 4125 Suid.
845 4073 889 4138 (=
908 4071 995 4140 Harp.
1016 4071 1102 4140 epit),
1121 4072 1218 4139 Mona,
1237 4072 1304 4128 Hes.
1322 4087 1366 4128 re·

195 4157 269 4224 deal,
288 4158 323 4212 ab
343 4158 529 4213 atticistarum
549 4160 675 4213 doctrina
693 4175 747 4213 non
767 4159 887 4214 alienam
907 4175 968 4214 esse
987 4160 1063 4214 duxi.

284 4245 306 4313 ³)
326 4246 360 4302 cf.
376 4249 423 4301 Ar.
438 4247 490 4315 Ep.
509 4248 579 4314 198,
599 4247 646 4301 ubi
667 4247 730 4302 vide
749 4248 844 4315 schol,
863 4248 938 4303 Suid.
958 4265 979 4302 s.
999 4266 1033 4316 a,
1052 4248 1120 4304 Lob.
1139 4249 1240 4320 Pbryn.
1259 4265 1287 4320 p.
1304 4248 1367 4315 455,

197 4333 245 4406 qui
264 4337 360 4391 contra
378 4335 477 4393 Valck.
497 4336 533 4392 ad
552 4337 676 4394 Ammon.
695 4354 722 4410 p.
744 4339 802 4396 115,
821 4337 945 4395 felloiter
962 4344 1077 4410 pugnat.
