<?xml version="1.0" encoding="UTF-8"?>
<!DOCTYPE html PUBLIC "-//W3C//DTD XHTML 1.0 Transitional//EN"
    "http://www.w3.org/TR/xhtml1/DTD/xhtml1-transitional.dtd">
<html xmlns="http://www.w3.org/1999/xhtml" xml:lang="en" lang="en">
 <head>
  <title>
</title>
<meta http-equiv="Content-Type" content="text/html;charset=utf-8" />
  <meta name='ocr-system' content='tesseract 3.04.00' />
  <meta name='ocr-capabilities' content='ocr_page ocr_carea ocr_par ocr_line ocrx_word'/>
</head>
<body>
  <div class='ocr_page' id='page_1' title='image "./aeliidionysiiet00pausgoog_0082.png"; bbox 0 0 3000 5040; ppageno 0'>
   <div class='ocr_carea' id='block_1_1' title="bbox 631 190 673 263">
    <p class='ocr_par' dir='ltr' id='par_1_1' title="bbox 631 190 673 263">
     <span class='ocr_line' id='line_1_1' title="bbox 631 190 673 263; baseline 0.024 -1"><span class='ocrx_word' id='word_1_1' title='bbox 631 190 673 263; x_wconf 73' lang='lat'>67</span> 
     </span>
    </p>
   </div>
   <div class='ocr_carea' id='block_1_2' title="bbox 65 349 1239 972">
    <p class='ocr_par' dir='ltr' id='par_1_2' title="bbox 65 349 1239 972">
     <span class='ocr_line' id='line_1_2' title="bbox 65 349 1236 442; baseline 0 -20"><span class='ocrx_word' id='word_1_2' title='bbox 65 357 189 442; x_wconf 77' lang='lat' dir='ltr'>ytav1)</span> <span class='ocrx_word' id='word_1_3' title='bbox 213 354 300 442; x_wconf 76' lang='grc' dir='ltr'><strong><em>λέγει</em></strong></span> <span class='ocrx_word' id='word_1_4' title='bbox 323 357 379 422; x_wconf 84' lang='grc' dir='ltr'><strong><em>καὶ</em></strong></span> <span class='ocrx_word' id='word_1_5' title='bbox 403 358 588 442; x_wconf 54' lang='lat' dir='ltr'>alapam).</span> <span class='ocrx_word' id='word_1_6' title='bbox 636 357 713 434; x_wconf 81' lang='lat' dir='ltr'>Quis</span> <span class='ocrx_word' id='word_1_7' title='bbox 742 349 1005 433; x_wconf 76' lang='grc' dir='ltr'><strong>111ε111παλαιός</strong></span> <span class='ocrx_word' id='word_1_8' title='bbox 1032 357 1086 421; x_wconf 90' lang='lat' dir='ltr'>ille</span> <span class='ocrx_word' id='word_1_9' title='bbox 1110 356 1236 441; x_wconf 87' lang='lat' dir='ltr'>ignora·</span> 
     </span>
     <span class='ocr_line' id='line_1_3' title="bbox 67 462 1239 547; baseline 0 -19"><span class='ocrx_word' id='word_1_10' title='bbox 67 470 129 529; x_wconf 88' lang='lat' dir='ltr'>tur.</span> <span class='ocrx_word' id='word_1_11' title='bbox 161 465 244 529; x_wconf 87' lang='lat' dir='ltr'>Eum</span> <span class='ocrx_word' id='word_1_12' title='bbox 261 485 302 529; x_wconf 89' lang='lat' dir='ltr'>ex</span> <span class='ocrx_word' id='word_1_13' title='bbox 320 465 430 529; x_wconf 88' lang='lat' dir='ltr'>eodem</span> <span class='ocrx_word' id='word_1_14' title='bbox 449 464 536 529; x_wconf 85' lang='lat' dir='ltr'>fonte</span> <span class='ocrx_word' id='word_1_15' title='bbox 553 464 696 529; x_wconf 80' lang='lat' dir='ltr'>hausisse</span> <span class='ocrx_word' id='word_1_16' title='bbox 714 469 810 547; x_wconf 91' lang='lat' dir='ltr'>atque</span> <span class='ocrx_word' id='word_1_17' title='bbox 828 462 1027 539; x_wconf 80' lang='lat' dir='ltr'>Pausaniam,</span> <span class='ocrx_word' id='word_1_18' title='bbox 1050 484 1144 546; x_wconf 91' lang='lat' dir='ltr'>quem</span> <span class='ocrx_word' id='word_1_19' title='bbox 1165 485 1239 528; x_wconf 91' lang='lat' dir='ltr'>mox</span> 
     </span>
     <span class='ocr_line' id='line_1_4' title="bbox 66 564 1238 655; baseline 0 -21"><span class='ocrx_word' id='word_1_20' title='bbox 66 570 283 647; x_wconf 86' lang='lat' dir='ltr'>laudabimus,</span> <span class='ocrx_word' id='word_1_21' title='bbox 305 569 508 636; x_wconf 89' lang='lat' dir='ltr'>manifestum</span> <span class='ocrx_word' id='word_1_22' title='bbox 531 576 579 635; x_wconf 88' lang='lat' dir='ltr'>est</span> <span class='ocrx_word' id='word_1_23' title='bbox 602 591 641 633; x_wconf 90' lang='lat' dir='ltr'>ex</span> <span class='ocrx_word' id='word_1_24' title='bbox 658 569 763 634; x_wconf 81' lang='lat' dir='ltr'>uerbis</span> <span class='ocrx_word' id='word_1_25' title='bbox 786 573 904 634; x_wconf 83' lang='grc' dir='ltr'><strong><em>κοῖλον</em></strong></span> <span class='ocrx_word' id='word_1_26' title='bbox 926 576 985 654; x_wconf 85' lang='grc' dir='ltr'><strong><em>τῆς</em></strong></span> <span class='ocrx_word' id='word_1_27' title='bbox 1006 564 1129 654; x_wconf 81' lang='grc' dir='ltr'><strong><em>χειρός,</em></strong></span> <span class='ocrx_word' id='word_1_28' title='bbox 1153 570 1187 655; x_wconf 89' lang='lat' dir='ltr'>(i.</span> <span class='ocrx_word' id='word_1_29' title='bbox 1212 592 1238 634; x_wconf 94' lang='lat' dir='ltr'>e.</span> 
     </span>
     <span class='ocr_line' id='line_1_5' title="bbox 66 674 1239 762; baseline -0.002 -22"><span class='ocrx_word' id='word_1_30' title='bbox 66 675 226 759; x_wconf 86' lang='lat' dir='ltr'>Pamphili</span> <span class='ocrx_word' id='word_1_31' title='bbox 249 677 427 741; x_wconf 82' lang='lat' dir='ltr'>doctrinam</span> <span class='ocrx_word' id='word_1_32' title='bbox 449 675 656 761; x_wconf 72' lang='lat' dir='ltr'>repetivisse).</span> <span class='ocrx_word' id='word_1_33' title='bbox 676 713 717 722; x_wconf 95' lang='lat'><em>—</em></span> <span class='ocrx_word' id='word_1_34' title='bbox 737 674 818 740; x_wconf 88' lang='lat' dir='ltr'>Tum</span> <span class='ocrx_word' id='word_1_35' title='bbox 834 675 940 758; x_wconf 83' lang='lat' dir='ltr'>pergit</span> <span class='ocrx_word' id='word_1_36' title='bbox 959 675 1131 740; x_wconf 86' lang='lat' dir='ltr'>Pausanias</span> <span class='ocrx_word' id='word_1_37' title='bbox 1151 676 1185 758; x_wconf 91' lang='lat' dir='ltr'>(l.</span> <span class='ocrx_word' id='word_1_38' title='bbox 1203 677 1239 762; x_wconf 91' lang='lat' dir='ltr'>l.)</span> 
     </span>
     <span class='ocr_line' id='line_1_6' title="bbox 66 769 1239 868; baseline -0.002 -20"><span class='ocrx_word' id='word_1_39' title='bbox 66 779 185 848; x_wconf 89' lang='grc' dir='ltr'><strong><em>παιδιά</em></strong></span> <span class='ocrx_word' id='word_1_40' title='bbox 207 805 258 859; x_wconf 86' lang='grc' dir='ltr'><strong><em>τις</em></strong></span> <span class='ocrx_word' id='word_1_41' title='bbox 280 769 323 866; x_wconf 82' lang='grc' dir='ltr'>ἦν</span> <span class='ocrx_word' id='word_1_42' title='bbox 341 782 531 868; x_wconf 78' lang='grc' dir='ltr'><strong><em>καλουμένη</em></strong></span> <span class='ocrx_word' id='word_1_43' title='bbox 555 777 728 866; x_wconf 72' lang='grc' dir='ltr'><strong><em>ἐγκοτύλη,</em></strong></span> <span class='ocrx_word' id='word_1_44' title='bbox 752 779 789 846; x_wconf 80' lang='grc' dir='ltr'>ἐν</span> <span class='ocrx_word' id='word_1_45' title='bbox 812 769 832 864; x_wconf 77' lang='grc' dir='ltr'><em>ᾗ</em></span> <span class='ocrx_word' id='word_1_46' title='bbox 857 780 1034 861; x_wconf 80' lang='grc' dir='ltr'><strong><em>διαπλέξας</em></strong></span> <span class='ocrx_word' id='word_1_47' title='bbox 1055 805 1105 858; x_wconf 86' lang='grc' dir='ltr'><strong><em>τις</em></strong></span> <span class='ocrx_word' id='word_1_48' title='bbox 1129 772 1239 846; x_wconf 73' lang='lat' dir='ltr'>daldun</span> 
     </span>
     <span class='ocr_line' id='line_1_7' title="bbox 66 878 1239 972; baseline 0 -20"><span class='ocrx_word' id='word_1_49' title='bbox 66 880 148 964; x_wconf 86' lang='grc' dir='ltr'><strong><em>τούς</em></strong></span> <span class='ocrx_word' id='word_1_50' title='bbox 172 883 358 965; x_wconf 77' lang='grc' dir='ltr'><strong><em>δακτύλους</em></strong></span> <span class='ocrx_word' id='word_1_51' title='bbox 380 895 452 953; x_wconf 80' lang='grc' dir='ltr'><strong><em>τοῦν</em></strong></span> <span class='ocrx_word' id='word_1_52' title='bbox 472 894 596 972; x_wconf 81' lang='grc' dir='ltr'><strong><em>χειρῶν</em></strong></span> <span class='ocrx_word' id='word_1_53' title='bbox 619 885 840 968; x_wconf 77' lang='grc' dir='ltr'><strong><em>ἐπενοοτίζετο</em></strong></span> <span class='ocrx_word' id='word_1_54' title='bbox 868 878 930 951; x_wconf 83' lang='grc' dir='ltr'><strong><em>τὸν</em></strong></span> <span class='ocrx_word' id='word_1_55' title='bbox 954 880 1186 972; x_wconf 85' lang='grc' dir='ltr'><strong><em>άναιρόμενον,</em></strong></span> <span class='ocrx_word' id='word_1_56' title='bbox 1220 881 1239 952; x_wconf 86' lang='grc' dir='ltr'><strong><em>δ</em></strong></span> 
     </span>
    </p>
   </div>
   <div class='ocr_carea' id='block_1_3' title="bbox 66 984 1242 4050">
    <p class='ocr_par' dir='ltr' id='par_1_3' title="bbox 66 984 1240 1821">
     <span class='ocr_line' id='line_1_8' title="bbox 68 984 1240 1079; baseline -0.001 -20"><span class='ocrx_word' id='word_1_57' title='bbox 68 986 103 1059; x_wconf 80' lang='grc' dir='ltr'>δ’</span> <span class='ocrx_word' id='word_1_58' title='bbox 127 992 239 1071; x_wconf 72' lang='grc' dir='ltr'><strong><em>ἐνθεὶς</em></strong></span> <span class='ocrx_word' id='word_1_59' title='bbox 260 987 301 1059; x_wconf 89' lang='grc' dir='ltr'><strong><em>τδ</em></strong></span> <span class='ocrx_word' id='word_1_60' title='bbox 324 991 408 1078; x_wconf 85' lang='grc' dir='ltr'><strong><em>γόνυ</em></strong></span> <span class='ocrx_word' id='word_1_61' title='bbox 430 1007 503 1071; x_wconf 87' lang='grc' dir='ltr'><strong><em>ταῖς</em></strong></span> <span class='ocrx_word' id='word_1_62' title='bbox 523 995 616 1079; x_wconf 83' lang='grc' dir='ltr'><strong><em>χερσὶ</em></strong></span> <span class='ocrx_word' id='word_1_63' title='bbox 638 995 694 1058; x_wconf 91' lang='grc' dir='ltr'><strong><em>καὶ</em></strong></span> <span class='ocrx_word' id='word_1_64' title='bbox 712 984 904 1078; x_wconf 76' lang='grc' dir='ltr'><strong><em>περιλαβών</em></strong></span> <span class='ocrx_word' id='word_1_65' title='bbox 922 999 985 1057; x_wconf 85' lang='grc' dir='ltr'><strong><em>τοῦ</em></strong></span> <span class='ocrx_word' id='word_1_66' title='bbox 1004 992 1160 1078; x_wconf 73' lang='grc' dir='ltr'><strong><em>αἴροντος</em></strong></span> <span class='ocrx_word' id='word_1_67' title='bbox 1177 986 1240 1078; x_wconf 79' lang='grc' dir='ltr'><strong><em>τὴν</em></strong></span> 
     </span>
     <span class='ocr_line' id='line_1_9' title="bbox 67 1091 1239 1186; baseline 0.001 -22"><span class='ocrx_word' id='word_1_68' title='bbox 67 1091 219 1186; x_wconf 81' lang='grc' dir='ltr'><strong><em>κεφαλὴν</em></strong></span> <span class='ocrx_word' id='word_1_69' title='bbox 241 1092 262 1185; x_wconf 82' lang='grc' dir='ltr'>ἢ</span> <span class='ocrx_word' id='word_1_70' title='bbox 284 1091 347 1166; x_wconf 84' lang='grc' dir='ltr'><strong><em>τὸν</em></strong></span> <span class='ocrx_word' id='word_1_71' title='bbox 370 1095 535 1186; x_wconf 78' lang='grc' dir='ltr'><strong><em>τράχηλον</em></strong></span> <span class='ocrx_word' id='word_1_72' title='bbox 559 1096 767 1180; x_wconf 76' lang='grc' dir='ltr'><strong><em>ἐβαστάζετο.</em></strong></span> <span class='ocrx_word' id='word_1_73' title='bbox 802 1095 929 1185; x_wconf 77' lang='grc' dir='ltr'><strong><em>ἐκλήθη</em></strong></span> <span class='ocrx_word' id='word_1_74' title='bbox 953 1100 999 1180; x_wconf 83' lang='grc' dir='ltr'>δέ,</span> <span class='ocrx_word' id='word_1_75' title='bbox 1022 1116 1116 1186; x_wconf 77' lang='grc' dir='ltr'><strong><em>φησι,</em></strong></span> <span class='ocrx_word' id='word_1_76' title='bbox 1145 1099 1239 1184; x_wconf 78' lang='grc' dir='ltr'><strong><em>ἐγκο-</em></strong></span> 
     </span>
     <span class='ocr_line' id='line_1_10' title="bbox 68 1195 1240 1292; baseline 0 -21"><span class='ocrx_word' id='word_1_77' title='bbox 68 1203 163 1292; x_wconf 79' lang='grc' dir='ltr'><strong><em>τύλη,</em></strong></span> <span class='ocrx_word' id='word_1_78' title='bbox 187 1205 261 1271; x_wconf 76' lang='grc' dir='ltr'>ἐπεὶ</span> <span class='ocrx_word' id='word_1_79' title='bbox 282 1197 327 1271; x_wconf 86' lang='grc' dir='ltr'><strong><em>τὸ</em></strong></span> <span class='ocrx_word' id='word_1_80' title='bbox 350 1211 491 1272; x_wconf 85' lang='grc' dir='ltr'><strong><em>κοῖλον</em></strong></span> <span class='ocrx_word' id='word_1_81' title='bbox 513 1213 581 1292; x_wconf 84' lang='grc' dir='ltr'><strong><em>τῆς</em></strong></span> <span class='ocrx_word' id='word_1_82' title='bbox 602 1198 734 1291; x_wconf 80' lang='grc' dir='ltr'><strong><em>χειρὸς</em></strong></span> <span class='ocrx_word' id='word_1_83' title='bbox 757 1201 882 1291; x_wconf 84' lang='grc' dir='ltr'><strong><em>κοτύλη</em></strong></span> <span class='ocrx_word' id='word_1_84' title='bbox 900 1205 1038 1290; x_wconf 81' lang='grc' dir='ltr'><strong><em>λέγεται,</em></strong></span> <span class='ocrx_word' id='word_1_85' title='bbox 1062 1205 1108 1283; x_wconf 83' lang='grc' dir='ltr'>εἰς</span> <span class='ocrx_word' id='word_1_86' title='bbox 1128 1195 1146 1271; x_wconf 83' lang='lat' dir='ltr'>d</span> <span class='ocrx_word' id='word_1_87' title='bbox 1169 1219 1240 1272; x_wconf 86' lang='grc' dir='ltr'><strong><em>κοῖ-</em></strong></span> 
     </span>
     <span class='ocr_line' id='line_1_11' title="bbox 67 1304 1240 1399; baseline 0.001 -23"><span class='ocrx_word' id='word_1_88' title='bbox 67 1317 131 1378; x_wconf 87' lang='grc' dir='ltr'>λον</span> <span class='ocrx_word' id='word_1_89' title='bbox 155 1311 300 1378; x_wconf 73' lang='grc' dir='ltr'><strong><em>ἐνετίθει</em></strong></span> <span class='ocrx_word' id='word_1_90' title='bbox 322 1304 362 1377; x_wconf 82' lang='grc' dir='ltr'><strong><em>τὸ</em></strong></span> <span class='ocrx_word' id='word_1_91' title='bbox 385 1308 469 1397; x_wconf 83' lang='grc' dir='ltr'><strong><em>γόνυ</em></strong></span> <span class='ocrx_word' id='word_1_92' title='bbox 493 1305 512 1377; x_wconf 85' lang='grc' dir='ltr'>ὁ</span> <span class='ocrx_word' id='word_1_93' title='bbox 536 1308 782 1396; x_wconf 76' lang='grc' dir='ltr'><strong><em>βασταζόμενος</em></strong></span> <span class='ocrx_word' id='word_1_94' title='bbox 804 1313 856 1399; x_wconf 83' lang='lat' dir='ltr'>(fr.</span> <span class='ocrx_word' id='word_1_95' title='bbox 879 1313 966 1397; x_wconf 85' lang='lat'>143).</span> <span class='ocrx_word' id='word_1_96' title='bbox 1001 1312 1051 1375; x_wconf 86' lang='lat' dir='ltr'>Ex</span> <span class='ocrx_word' id='word_1_97' title='bbox 1073 1312 1240 1396; x_wconf 90' lang='lat' dir='ltr'>Pamphilo</span> 
     </span>
     <span class='ocr_line' id='line_1_12' title="bbox 67 1411 1240 1504; baseline 0.002 -22"><span class='ocrx_word' id='word_1_98' title='bbox 67 1420 168 1502; x_wconf 84' lang='lat' dir='ltr'>igitur</span> <span class='ocrx_word' id='word_1_99' title='bbox 191 1418 333 1484; x_wconf 89' lang='lat' dir='ltr'>definitio</span> <span class='ocrx_word' id='word_1_100' title='bbox 357 1415 495 1504; x_wconf 88' lang='grc' dir='ltr'><strong><em>κοτύλη·</em></strong></span> <span class='ocrx_word' id='word_1_101' title='bbox 528 1411 569 1483; x_wconf 87' lang='grc' dir='ltr'><strong><em>τδ</em></strong></span> <span class='ocrx_word' id='word_1_102' title='bbox 593 1424 711 1484; x_wconf 84' lang='grc' dir='ltr'><strong><em>κοῖλον</em></strong></span> <span class='ocrx_word' id='word_1_103' title='bbox 733 1426 792 1504; x_wconf 84' lang='grc' dir='ltr'><strong><em>τῆς</em></strong></span> <span class='ocrx_word' id='word_1_104' title='bbox 812 1415 936 1503; x_wconf 84' lang='grc' dir='ltr'><strong><em>χειρός,</em></strong></span> <span class='ocrx_word' id='word_1_105' title='bbox 964 1440 1059 1500; x_wconf 91' lang='lat' dir='ltr'>quam</span> <span class='ocrx_word' id='word_1_106' title='bbox 1082 1419 1130 1483; x_wconf 92' lang='lat' dir='ltr'>bis</span> <span class='ocrx_word' id='word_1_107' title='bbox 1154 1420 1240 1502; x_wconf 91' lang='lat' dir='ltr'>apud</span> 
     </span>
     <span class='ocr_line' id='line_1_13' title="bbox 66 1525 1238 1608; baseline -0.001 -19"><span class='ocrx_word' id='word_1_108' title='bbox 66 1528 233 1590; x_wconf 84' lang='lat' dir='ltr'>veterem</span> <span class='ocrx_word' id='word_1_109' title='bbox 250 1525 340 1589; x_wconf 92' lang='lat' dir='ltr'>illum</span> <span class='ocrx_word' id='word_1_110' title='bbox 359 1531 391 1590; x_wconf 88' lang='lat' dir='ltr'>et</span> <span class='ocrx_word' id='word_1_111' title='bbox 410 1526 495 1608; x_wconf 91' lang='lat' dir='ltr'>apud</span> <span class='ocrx_word' id='word_1_112' title='bbox 513 1525 605 1591; x_wconf 87' lang='lat' dir='ltr'>Paus.</span> <span class='ocrx_word' id='word_1_113' title='bbox 625 1526 809 1589; x_wconf 87' lang='lat' dir='ltr'>redeuntem</span> <span class='ocrx_word' id='word_1_114' title='bbox 828 1526 974 1601; x_wconf 82' lang='lat' dir='ltr'>vidimus,</span> <span class='ocrx_word' id='word_1_115' title='bbox 996 1527 1099 1607; x_wconf 90' lang='lat' dir='ltr'>petita</span> <span class='ocrx_word' id='word_1_116' title='bbox 1121 1532 1176 1589; x_wconf 90' lang='lat' dir='ltr'>est.</span> <span class='ocrx_word' id='word_1_117' title='bbox 1198 1563 1238 1573; x_wconf 90' lang='lat'><em>-</em></span> 
     </span>
     <span class='ocr_line' id='line_1_14' title="bbox 66 1630 1239 1715; baseline 0.002 -21"><span class='ocrx_word' id='word_1_118' title='bbox 66 1630 217 1696; x_wconf 82' lang='lat' dir='ltr'>Fortasse</span> <span class='ocrx_word' id='word_1_119' title='bbox 239 1652 313 1696; x_wconf 89' lang='lat' dir='ltr'>vero</span> <span class='ocrx_word' id='word_1_120' title='bbox 336 1631 520 1714; x_wconf 90' lang='lat' dir='ltr'>Pamphilus</span> <span class='ocrx_word' id='word_1_121' title='bbox 544 1653 601 1697; x_wconf 92' lang='lat' dir='ltr'>sua</span> <span class='ocrx_word' id='word_1_122' title='bbox 624 1653 663 1696; x_wconf 85' lang='lat' dir='ltr'>ex</span> <span class='ocrx_word' id='word_1_123' title='bbox 685 1631 898 1714; x_wconf 84' lang='lat' dir='ltr'>Aristophane</span> <span class='ocrx_word' id='word_1_124' title='bbox 919 1631 1073 1715; x_wconf 83' lang='lat' dir='ltr'>Byzantio</span> <span class='ocrx_word' id='word_1_125' title='bbox 1097 1632 1239 1714; x_wconf 89' lang='lat' dir='ltr'>protulit.</span> 
     </span>
     <span class='ocr_line' id='line_1_15' title="bbox 67 1736 789 1821; baseline 0 -19"><span class='ocrx_word' id='word_1_126' title='bbox 67 1737 107 1802; x_wconf 87' lang='lat' dir='ltr'>of.</span> <span class='ocrx_word' id='word_1_127' title='bbox 127 1736 225 1814; x_wconf 82' lang='lat' dir='ltr'>Oohn,</span> <span class='ocrx_word' id='word_1_128' title='bbox 248 1736 381 1803; x_wconf 87' lang='lat' dir='ltr'>Jahrbb.</span> <span class='ocrx_word' id='word_1_129' title='bbox 401 1736 508 1821; x_wconf 85' lang='lat' dir='ltr'>Suppl.</span> <span class='ocrx_word' id='word_1_130' title='bbox 527 1737 600 1802; x_wconf 86' lang='lat' dir='ltr'>XII.</span> <span class='ocrx_word' id='word_1_131' title='bbox 619 1760 648 1821; x_wconf 90' lang='lat' dir='ltr'>p.</span> <span class='ocrx_word' id='word_1_132' title='bbox 668 1738 731 1802; x_wconf 83' lang='grc'>367</span> <span class='ocrx_word' id='word_1_133' title='bbox 743 1759 789 1819; x_wconf 90' lang='lat' dir='ltr'>sq.</span> 
     </span>
    </p>

    <p class='ocr_par' dir='ltr' id='par_1_4' title="bbox 67 1842 1242 2458">
     <span class='ocr_line' id='line_1_16' title="bbox 157 1842 1240 1928; baseline -0.001 -20"><span class='ocrx_word' id='word_1_134' title='bbox 157 1843 314 1908; x_wconf 89' lang='lat' dir='ltr'>Ultimum</span> <span class='ocrx_word' id='word_1_135' title='bbox 337 1842 550 1926; x_wconf 86' lang='lat' dir='ltr'>fragmentum</span> <span class='ocrx_word' id='word_1_136' title='bbox 571 1843 790 1928; x_wconf 91' lang='lat' dir='ltr'>Pamphileum</span> <span class='ocrx_word' id='word_1_137' title='bbox 813 1843 911 1909; x_wconf 88' lang='lat' dir='ltr'>habes</span> <span class='ocrx_word' id='word_1_138' title='bbox 935 1844 1010 1908; x_wconf 92' lang='lat' dir='ltr'>Ath.</span> <span class='ocrx_word' id='word_1_139' title='bbox 1029 1843 1113 1909; x_wconf 88' lang='lat' dir='ltr'><strong>XIV.</strong></span> <span class='ocrx_word' id='word_1_140' title='bbox 1134 1843 1240 1908; x_wconf 72' lang='lat'>6533.</span> 
     </span>
     <span class='ocr_line' id='line_1_17' title="bbox 68 1944 1239 2036; baseline 0 -22"><span class='ocrx_word' id='word_1_141' title='bbox 68 1945 147 2014; x_wconf 82' lang='grc' dir='ltr'><strong><em>οἶδα</em></strong></span> <span class='ocrx_word' id='word_1_142' title='bbox 175 1949 211 2015; x_wconf 75' lang='grc' dir='ltr'>δὲ</span> <span class='ocrx_word' id='word_1_143' title='bbox 238 1951 294 2014; x_wconf 81' lang='grc' dir='ltr'><strong><em>καὶ</em></strong></span> <span class='ocrx_word' id='word_1_144' title='bbox 318 1944 500 2033; x_wconf 84' lang='grc' dir='ltr'><strong><em>Πάμφιλον</em></strong></span> <span class='ocrx_word' id='word_1_145' title='bbox 529 1946 687 2036; x_wconf 82' lang='grc' dir='ltr'><strong><em>εἰρηκότα</em></strong></span> <span class='ocrx_word' id='word_1_146' title='bbox 714 1951 934 2035; x_wconf 81' lang='grc' dir='ltr'><strong><em>προκνλδας</em></strong></span> <span class='ocrx_word' id='word_1_147' title='bbox 961 1949 1057 2034; x_wconf 83' lang='grc' dir='ltr'><strong><em>γένος</em></strong></span> <span class='ocrx_word' id='word_1_148' title='bbox 1085 1945 1239 2034; x_wconf 83' lang='grc' dir='ltr'>ἰσχάδων.</span> 
     </span>
     <span class='ocr_line' id='line_1_18' title="bbox 68 2047 1242 2142; baseline 0.002 -23"><span class='ocrx_word' id='word_1_149' title='bbox 68 2055 212 2133; x_wconf 81' lang='lat' dir='ltr'>Quocum</span> <span class='ocrx_word' id='word_1_150' title='bbox 240 2055 384 2120; x_wconf 78' lang='lat' dir='ltr'>conferas</span> <span class='ocrx_word' id='word_1_151' title='bbox 411 2057 498 2120; x_wconf 88' lang='lat' dir='ltr'>Eust.</span> <span class='ocrx_word' id='word_1_152' title='bbox 522 2078 552 2139; x_wconf 84' lang='lat' dir='ltr'>p.</span> <span class='ocrx_word' id='word_1_153' title='bbox 579 2056 678 2133; x_wconf 80' lang='lat'>1688,</span> <span class='ocrx_word' id='word_1_154' title='bbox 702 2056 742 2120; x_wconf 88' lang='grc'>31</span> <span class='ocrx_word' id='word_1_155' title='bbox 773 2057 824 2142; x_wconf 82' lang='lat' dir='ltr'>(ir.</span> <span class='ocrx_word' id='word_1_156' title='bbox 848 2056 937 2141; x_wconf 89' lang='lat'>404.)</span> <span class='ocrx_word' id='word_1_157' title='bbox 967 2047 1101 2142; x_wconf 74' lang='grc' dir='ltr'><strong><em>εὕρηται</em></strong></span> <span class='ocrx_word' id='word_1_158' title='bbox 1125 2055 1242 2121; x_wconf 79' lang='grc' dir='ltr'><strong><em>δὲκαὶ</em></strong></span> 
     </span>
     <span class='ocr_line' id='line_1_19' title="bbox 68 2154 1240 2248; baseline 0.001 -23"><span class='ocrx_word' id='word_1_159' title='bbox 68 2163 105 2225; x_wconf 89' lang='lat'>11</span> <span class='ocrx_word' id='word_1_160' title='bbox 108 2157 246 2247; x_wconf 87' lang='grc' dir='ltr'><strong><em>ρόκνις</em></strong></span> <span class='ocrx_word' id='word_1_161' title='bbox 265 2154 319 2226; x_wconf 87' lang='grc' dir='ltr'>διά</span> <span class='ocrx_word' id='word_1_162' title='bbox 337 2167 400 2226; x_wconf 89' lang='grc' dir='ltr'><strong><em>τοῦ</em></strong></span> <span class='ocrx_word' id='word_1_163' title='bbox 418 2171 438 2227; x_wconf 81' lang='grc' dir='ltr'><strong><em>ν</em></strong></span> <span class='ocrx_word' id='word_1_164' title='bbox 456 2161 493 2226; x_wconf 78' lang='grc' dir='ltr'>ἐν</span> <span class='ocrx_word' id='word_1_165' title='bbox 512 2159 681 2248; x_wconf 80' lang='grc' dir='ltr'><strong><em>ῥητορικῷ</em></strong></span> <span class='ocrx_word' id='word_1_166' title='bbox 699 2166 820 2247; x_wconf 77' lang='grc' dir='ltr'><strong><em>λεξικηδ</em></strong></span> <span class='ocrx_word' id='word_1_167' title='bbox 838 2155 992 2247; x_wconf 77' lang='grc' dir='ltr'><strong><em>θηλυκὸν</em></strong></span> <span class='ocrx_word' id='word_1_168' title='bbox 1016 2156 1131 2246; x_wconf 77' lang='grc' dir='ltr'><strong><em>ὄνομα.</em></strong></span> <span class='ocrx_word' id='word_1_169' title='bbox 1157 2154 1240 2226; x_wconf 81' lang='grc' dir='ltr'><strong><em>αὐτὸ</em></strong></span> 
     </span>
     <span class='ocr_line' id='line_1_20' title="bbox 69 2263 1241 2355; baseline -0.002 -22"><span class='ocrx_word' id='word_1_170' title='bbox 69 2267 107 2333; x_wconf 75' lang='grc' dir='ltr'>δὲ</span> <span class='ocrx_word' id='word_1_171' title='bbox 134 2266 232 2351; x_wconf 81' lang='grc' dir='ltr'><strong><em>γένος</em></strong></span> <span class='ocrx_word' id='word_1_172' title='bbox 258 2263 404 2352; x_wconf 79' lang='grc' dir='ltr'><strong><em>ἰσχάδων</em></strong></span> <span class='ocrx_word' id='word_1_173' title='bbox 433 2269 536 2355; x_wconf 84' lang='grc' dir='ltr'><strong><em>δηλοῖ.</em></strong></span> <span class='ocrx_word' id='word_1_174' title='bbox 582 2269 768 2334; x_wconf 85' lang='lat' dir='ltr'>Doctrinam</span> <span class='ocrx_word' id='word_1_175' title='bbox 795 2269 893 2351; x_wconf 86' lang='lat' dir='ltr'>igitur</span> <span class='ocrx_word' id='word_1_176' title='bbox 919 2270 1013 2351; x_wconf 90' lang='lat' dir='ltr'>plane</span> <span class='ocrx_word' id='word_1_177' title='bbox 1041 2269 1172 2333; x_wconf 91' lang='lat' dir='ltr'>eandem</span> <span class='ocrx_word' id='word_1_178' title='bbox 1200 2268 1241 2332; x_wconf 91' lang='lat' dir='ltr'>ab</span> 
     </span>
     <span class='ocr_line' id='line_1_21' title="bbox 67 2374 751 2458; baseline 0 -20"><span class='ocrx_word' id='word_1_179' title='bbox 67 2381 208 2456; x_wconf 90' lang='lat' dir='ltr'>utroque</span> <span class='ocrx_word' id='word_1_180' title='bbox 230 2374 452 2458; x_wconf 82' lang='lat' dir='ltr'>lexicographo</span> <span class='ocrx_word' id='word_1_181' title='bbox 475 2374 632 2457; x_wconf 87' lang='lat' dir='ltr'>prolatam</span> <span class='ocrx_word' id='word_1_182' title='bbox 655 2374 751 2439; x_wconf 87' lang='lat' dir='ltr'>vides.</span> 
     </span>
    </p>

    <p class='ocr_par' dir='ltr' id='par_1_5' title="bbox 68 2479 1241 3944">
     <span class='ocr_line' id='line_1_22' title="bbox 159 2479 1240 2564; baseline 0.002 -21"><span class='ocrx_word' id='word_1_183' title='bbox 159 2479 228 2544; x_wconf 90' lang='lat' dir='ltr'>Iam</span> <span class='ocrx_word' id='word_1_184' title='bbox 251 2480 372 2544; x_wconf 89' lang='lat' dir='ltr'>dudum</span> <span class='ocrx_word' id='word_1_185' title='bbox 390 2480 590 2545; x_wconf 82' lang='lat' dir='ltr'>Athenaeum</span> <span class='ocrx_word' id='word_1_186' title='bbox 608 2501 709 2564; x_wconf 90' lang='lat' dir='ltr'>paene</span> <span class='ocrx_word' id='word_1_187' title='bbox 732 2484 835 2546; x_wconf 89' lang='lat' dir='ltr'>totum</span> <span class='ocrx_word' id='word_1_188' title='bbox 857 2482 995 2563; x_wconf 92' lang='lat' dir='ltr'>pendere</span> <span class='ocrx_word' id='word_1_189' title='bbox 1019 2502 1057 2544; x_wconf 90' lang='lat' dir='ltr'>ex</span> <span class='ocrx_word' id='word_1_190' title='bbox 1076 2480 1240 2562; x_wconf 92' lang='lat' dir='ltr'>Pamphilo</span> 
     </span>
     <span class='ocr_line' id='line_1_23' title="bbox 68 2585 1240 2672; baseline -0.002 -21"><span class='ocrx_word' id='word_1_191' title='bbox 68 2590 266 2669; x_wconf 82' lang='lat' dir='ltr'>compertum</span> <span class='ocrx_word' id='word_1_192' title='bbox 293 2591 350 2651; x_wconf 92' lang='lat' dir='ltr'>est.</span> <span class='ocrx_word' id='word_1_193' title='bbox 383 2585 426 2653; x_wconf 91' lang='lat' dir='ltr'>M.</span> <span class='ocrx_word' id='word_1_194' title='bbox 449 2585 602 2651; x_wconf 84' lang='lat' dir='ltr'>Schmidt.</span> <span class='ocrx_word' id='word_1_195' title='bbox 628 2586 755 2672; x_wconf 80' lang='lat' dir='ltr'>Quaest.</span> <span class='ocrx_word' id='word_1_196' title='bbox 778 2585 852 2650; x_wconf 89' lang='lat' dir='ltr'>Hes.</span> <span class='ocrx_word' id='word_1_197' title='bbox 876 2608 906 2669; x_wconf 90' lang='lat' dir='ltr'>p.</span> <span class='ocrx_word' id='word_1_198' title='bbox 924 2585 1240 2650; x_wconf 86' lang='lat' dir='ltr'>LXXI——LXXXIII</span> 
     </span>
     <span class='ocr_line' id='line_1_24' title="bbox 69 2691 1240 2776; baseline 0 -21"><span class='ocrx_word' id='word_1_199' title='bbox 69 2691 243 2775; x_wconf 86' lang='lat' dir='ltr'>exprimis</span> <span class='ocrx_word' id='word_1_200' title='bbox 266 2713 320 2756; x_wconf 89' lang='lat' dir='ltr'>sex</span> <span class='ocrx_word' id='word_1_201' title='bbox 342 2691 434 2757; x_wconf 89' lang='lat' dir='ltr'>libris</span> <span class='ocrx_word' id='word_1_202' title='bbox 458 2713 496 2757; x_wconf 93' lang='lat' dir='ltr'>ea</span> <span class='ocrx_word' id='word_1_203' title='bbox 518 2692 705 2776; x_wconf 82' lang='lat' dir='ltr'>fragmenta,</span> <span class='ocrx_word' id='word_1_204' title='bbox 729 2714 810 2776; x_wconf 89' lang='lat' dir='ltr'>quae</span> <span class='ocrx_word' id='word_1_205' title='bbox 833 2691 1017 2775; x_wconf 88' lang='lat' dir='ltr'>Pamphilea</span> <span class='ocrx_word' id='word_1_206' title='bbox 1040 2693 1070 2756; x_wconf 91' lang='lat' dir='ltr'>ei</span> <span class='ocrx_word' id='word_1_207' title='bbox 1088 2691 1240 2756; x_wconf 86' lang='lat' dir='ltr'>videban-</span> 
     </span>
     <span class='ocr_line' id='line_1_25' title="bbox 68 2796 1239 2882; baseline 0 -20"><span class='ocrx_word' id='word_1_208' title='bbox 68 2804 132 2874; x_wconf 88' lang='lat' dir='ltr'>tur,</span> <span class='ocrx_word' id='word_1_209' title='bbox 156 2798 321 2880; x_wconf 84' lang='lat' dir='ltr'>oongessit.</span> <span class='ocrx_word' id='word_1_210' title='bbox 345 2796 591 2863; x_wconf 88' lang='lat' dir='ltr'>Sehoenemann.</span> <span class='ocrx_word' id='word_1_211' title='bbox 609 2822 639 2882; x_wconf 89' lang='lat' dir='ltr'>p.</span> <span class='ocrx_word' id='word_1_212' title='bbox 660 2799 799 2863; x_wconf 78' lang='lat'>79-82.</span> <span class='ocrx_word' id='word_1_213' title='bbox 819 2801 924 2881; x_wconf 89' lang='lat' dir='ltr'>capita</span> <span class='ocrx_word' id='word_1_214' title='bbox 942 2820 981 2863; x_wconf 87' lang='lat' dir='ltr'>ex</span> <span class='ocrx_word' id='word_1_215' title='bbox 998 2798 1164 2881; x_wconf 90' lang='lat' dir='ltr'>Pamphilo</span> <span class='ocrx_word' id='word_1_216' title='bbox 1184 2799 1239 2862; x_wconf 92' lang='lat' dir='ltr'>de·</span> 
     </span>
     <span class='ocr_line' id='line_1_26' title="bbox 68 2903 1241 2988; baseline 0.002 -22"><span class='ocrx_word' id='word_1_217' title='bbox 68 2903 172 2968; x_wconf 86' lang='lat' dir='ltr'>libata</span> <span class='ocrx_word' id='word_1_218' title='bbox 193 2903 346 2968; x_wconf 78' lang='lat' dir='ltr'>indicauit</span> <span class='ocrx_word' id='word_1_219' title='bbox 368 2925 464 2988; x_wconf 88' lang='lat' dir='ltr'>seque</span> <span class='ocrx_word' id='word_1_220' title='bbox 486 2910 590 2970; x_wconf 90' lang='lat' dir='ltr'>totum</span> <span class='ocrx_word' id='word_1_221' title='bbox 608 2904 764 2970; x_wconf 87' lang='lat' dir='ltr'>Athenaei</span> <span class='ocrx_word' id='word_1_222' title='bbox 788 2926 865 2987; x_wconf 89' lang='lat' dir='ltr'>opus</span> <span class='ocrx_word' id='word_1_223' title='bbox 883 2910 1154 2988; x_wconf 82' lang='lat' dir='ltr'>perscrutaturum</span> <span class='ocrx_word' id='word_1_224' title='bbox 1173 2925 1241 2969; x_wconf 88' lang='lat' dir='ltr'>esse</span> 
     </span>
     <span class='ocr_line' id='line_1_27' title="bbox 69 3009 1241 3094; baseline -0.001 -20"><span class='ocrx_word' id='word_1_225' title='bbox 69 3010 255 3093; x_wconf 89' lang='lat' dir='ltr'>spopondit,</span> <span class='ocrx_word' id='word_1_226' title='bbox 284 3015 321 3074; x_wconf 91' lang='lat' dir='ltr'>ut</span> <span class='ocrx_word' id='word_1_227' title='bbox 347 3009 480 3075; x_wconf 86' lang='lat' dir='ltr'>laoiniae</span> <span class='ocrx_word' id='word_1_228' title='bbox 504 3010 706 3093; x_wconf 88' lang='lat' dir='ltr'>Pamphileae</span> <span class='ocrx_word' id='word_1_229' title='bbox 732 3018 807 3075; x_wconf 88' lang='lat' dir='ltr'>ante</span> <span class='ocrx_word' id='word_1_230' title='bbox 830 3012 969 3076; x_wconf 92' lang='lat' dir='ltr'>omnium</span> <span class='ocrx_word' id='word_1_231' title='bbox 992 3012 1098 3076; x_wconf 92' lang='lat' dir='ltr'>oeulos</span> <span class='ocrx_word' id='word_1_232' title='bbox 1120 3031 1241 3094; x_wconf 92' lang='lat' dir='ltr'>ponan-</span> 
     </span>
     <span class='ocr_line' id='line_1_28' title="bbox 69 3115 1240 3201; baseline -0.001 -19"><span class='ocrx_word' id='word_1_233' title='bbox 69 3123 132 3182; x_wconf 88' lang='lat' dir='ltr'>tur.</span> <span class='ocrx_word' id='word_1_234' title='bbox 177 3116 365 3200; x_wconf 90' lang='lat' dir='ltr'>Priusquam</span> <span class='ocrx_word' id='word_1_235' title='bbox 392 3116 471 3181; x_wconf 88' lang='lat' dir='ltr'>haeo</span> <span class='ocrx_word' id='word_1_236' title='bbox 498 3137 595 3199; x_wconf 90' lang='lat' dir='ltr'>opera</span> <span class='ocrx_word' id='word_1_237' title='bbox 622 3115 770 3181; x_wconf 89' lang='lat' dir='ltr'>absoluta</span> <span class='ocrx_word' id='word_1_238' title='bbox 797 3116 871 3194; x_wconf 89' lang='lat' dir='ltr'>erit,</span> <span class='ocrx_word' id='word_1_239' title='bbox 899 3118 978 3182; x_wconf 88' lang='lat' dir='ltr'>oerti</span> <span class='ocrx_word' id='word_1_240' title='bbox 1003 3118 1177 3201; x_wconf 89' lang='lat' dir='ltr'>quidquam</span> <span class='ocrx_word' id='word_1_241' title='bbox 1200 3118 1240 3183; x_wconf 91' lang='lat' dir='ltr'>de</span> 
     </span>
     <span class='ocr_line' id='line_1_29' title="bbox 69 3221 1239 3306; baseline 0 -19"><span class='ocrx_word' id='word_1_242' title='bbox 69 3222 220 3287; x_wconf 87' lang='lat' dir='ltr'>attieistis</span> <span class='ocrx_word' id='word_1_243' title='bbox 243 3221 401 3305; x_wconf 92' lang='lat' dir='ltr'>Pamphili</span> <span class='ocrx_word' id='word_1_244' title='bbox 424 3222 632 3288; x_wconf 86' lang='lat' dir='ltr'>sectatoribus</span> <span class='ocrx_word' id='word_1_245' title='bbox 655 3228 782 3305; x_wconf 88' lang='lat' dir='ltr'>praeter</span> <span class='ocrx_word' id='word_1_246' title='bbox 805 3243 851 3299; x_wconf 89' lang='lat' dir='ltr'>ea,</span> <span class='ocrx_word' id='word_1_247' title='bbox 874 3244 956 3306; x_wconf 91' lang='lat' dir='ltr'>quae</span> <span class='ocrx_word' id='word_1_248' title='bbox 978 3225 1072 3288; x_wconf 91' lang='lat' dir='ltr'>modo</span> <span class='ocrx_word' id='word_1_249' title='bbox 1095 3224 1239 3288; x_wconf 88' lang='lat' dir='ltr'>laudavi-</span> 
     </span>
     <span class='ocr_line' id='line_1_30' title="bbox 69 3327 1240 3412; baseline 0.001 -20"><span class='ocrx_word' id='word_1_250' title='bbox 69 3349 155 3405; x_wconf 90' lang='lat' dir='ltr'>mus,</span> <span class='ocrx_word' id='word_1_251' title='bbox 186 3334 373 3412; x_wconf 84' lang='lat' dir='ltr'>argumenta</span> <span class='ocrx_word' id='word_1_252' title='bbox 403 3327 544 3411; x_wconf 84' lang='lat' dir='ltr'>proferre</span> <span class='ocrx_word' id='word_1_253' title='bbox 575 3329 779 3392; x_wconf 90' lang='lat' dir='ltr'>temerarium</span> <span class='ocrx_word' id='word_1_254' title='bbox 812 3334 867 3395; x_wconf 90' lang='lat' dir='ltr'>est.</span> <span class='ocrx_word' id='word_1_255' title='bbox 913 3329 977 3394; x_wconf 87' lang='lat' dir='ltr'>Eos</span> <span class='ocrx_word' id='word_1_256' title='bbox 1003 3333 1129 3395; x_wconf 88' lang='lat' dir='ltr'>tantum</span> <span class='ocrx_word' id='word_1_257' title='bbox 1156 3330 1240 3394; x_wconf 80' lang='lat' dir='ltr'>locos</span> 
     </span>
     <span class='ocr_line' id='line_1_31' title="bbox 69 3433 1241 3518; baseline 0.002 -21"><span class='ocrx_word' id='word_1_258' title='bbox 69 3433 232 3511; x_wconf 88' lang='lat' dir='ltr'>indicabo,</span> <span class='ocrx_word' id='word_1_259' title='bbox 260 3435 315 3518; x_wconf 91' lang='lat' dir='ltr'>qui</span> <span class='ocrx_word' id='word_1_260' title='bbox 342 3435 427 3518; x_wconf 91' lang='lat' dir='ltr'>apud</span> <span class='ocrx_word' id='word_1_261' title='bbox 450 3434 649 3500; x_wconf 91' lang='lat' dir='ltr'>Athenaeum</span> <span class='ocrx_word' id='word_1_262' title='bbox 677 3441 710 3499; x_wconf 93' lang='lat' dir='ltr'>et</span> <span class='ocrx_word' id='word_1_263' title='bbox 737 3437 823 3518; x_wconf 90' lang='lat' dir='ltr'>apud</span> <span class='ocrx_word' id='word_1_264' title='bbox 850 3441 974 3501; x_wconf 86' lang='lat' dir='ltr'>nostros</span> <span class='ocrx_word' id='word_1_265' title='bbox 1000 3437 1084 3500; x_wconf 90' lang='lat' dir='ltr'>inter</span> <span class='ocrx_word' id='word_1_266' title='bbox 1107 3458 1141 3500; x_wconf 89' lang='lat' dir='ltr'>se</span> <span class='ocrx_word' id='word_1_267' title='bbox 1167 3455 1241 3501; x_wconf 90' lang='lat' dir='ltr'>con-</span> 
     </span>
     <span class='ocr_line' id='line_1_32' title="bbox 69 3536 1241 3626; baseline 0.001 -21"><span class='ocrx_word' id='word_1_268' title='bbox 69 3541 222 3606; x_wconf 88' lang='lat' dir='ltr'>sentiunt.</span> <span class='ocrx_word' id='word_1_269' title='bbox 250 3536 392 3626; x_wconf 85' lang='grc' dir='ltr'><strong><em>βήρηκες</em></strong></span> <span class='ocrx_word' id='word_1_270' title='bbox 418 3541 472 3606; x_wconf 90' lang='lat' dir='ltr'>IV.</span> <span class='ocrx_word' id='word_1_271' title='bbox 498 3541 604 3606; x_wconf 69' lang='lat'>1404.</span> <span class='ocrx_word' id='word_1_272' title='bbox 628 3548 660 3606; x_wconf 89' lang='lat' dir='ltr'>et</span> <span class='ocrx_word' id='word_1_273' title='bbox 682 3541 720 3605; x_wconf 86' lang='lat' dir='ltr'>fr.</span> <span class='ocrx_word' id='word_1_274' title='bbox 740 3541 784 3604; x_wconf 88' lang='lat'>94</span> <span class='ocrx_word' id='word_1_275' title='bbox 812 3542 888 3626; x_wconf 88' lang='lat' dir='ltr'>(vid.</span> <span class='ocrx_word' id='word_1_276' title='bbox 907 3564 987 3624; x_wconf 89' lang='lat' dir='ltr'>quae</span> <span class='ocrx_word' id='word_1_277' title='bbox 1011 3543 1050 3608; x_wconf 91' lang='lat' dir='ltr'>de</span> <span class='ocrx_word' id='word_1_278' title='bbox 1073 3542 1241 3626; x_wconf 85' lang='lat' dir='ltr'>Tryphone</span> 
     </span>
     <span class='ocr_line' id='line_1_33' title="bbox 69 3641 1240 3734; baseline 0.003 -25"><span class='ocrx_word' id='word_1_279' title='bbox 69 3650 268 3728; x_wconf 86' lang='lat' dir='ltr'>exponentur</span> <span class='ocrx_word' id='word_1_280' title='bbox 286 3669 315 3730; x_wconf 94' lang='lat' dir='ltr'>p.</span> <span class='ocrx_word' id='word_1_281' title='bbox 332 3646 398 3734; x_wconf 79' lang='lat'>73),</span> <span class='ocrx_word' id='word_1_282' title='bbox 415 3650 545 3731; x_wconf 80' lang='grc' dir='ltr'><strong><em>γλεῦξις</em></strong></span> <span class='ocrx_word' id='word_1_283' title='bbox 562 3648 585 3711; x_wconf 93' lang='grc' dir='ltr'>Ι.</span> <span class='ocrx_word' id='word_1_284' title='bbox 601 3647 676 3711; x_wconf 74' lang='grc'><strong>3111</strong></span> <span class='ocrx_word' id='word_1_285' title='bbox 695 3647 733 3712; x_wconf 88' lang='lat' dir='ltr'>ef.</span> <span class='ocrx_word' id='word_1_286' title='bbox 751 3648 788 3712; x_wconf 89' lang='lat' dir='ltr'>fr.</span> <span class='ocrx_word' id='word_1_287' title='bbox 810 3649 883 3725; x_wconf 88' lang='lat'>110,</span> <span class='ocrx_word' id='word_1_288' title='bbox 900 3641 1059 3733; x_wconf 78' lang='grc' dir='ltr'><strong><em>ηγητορία</em></strong></span> <span class='ocrx_word' id='word_1_289' title='bbox 1078 3648 1133 3712; x_wconf 88' lang='lat' dir='ltr'>Ill.</span> <span class='ocrx_word' id='word_1_290' title='bbox 1155 3648 1240 3712; x_wconf 79' lang='lat'>741).</span> 
     </span>
     <span class='ocr_line' id='line_1_34' title="bbox 69 3741 1241 3839; baseline 0.001 -22"><span class='ocrx_word' id='word_1_291' title='bbox 69 3750 109 3817; x_wconf 87' lang='lat' dir='ltr'>ef.</span> <span class='ocrx_word' id='word_1_292' title='bbox 128 3750 167 3818; x_wconf 84' lang='lat' dir='ltr'>fr.</span> <span class='ocrx_word' id='word_1_293' title='bbox 187 3752 261 3817; x_wconf 86' lang='lat'>390.</span> <span class='ocrx_word' id='word_1_294' title='bbox 281 3751 318 3819; x_wconf 88' lang='lat' dir='ltr'>ef.</span> <span class='ocrx_word' id='word_1_295' title='bbox 336 3775 366 3837; x_wconf 92' lang='lat' dir='ltr'>p.</span> <span class='ocrx_word' id='word_1_296' title='bbox 386 3753 453 3830; x_wconf 74' lang='lat'>22,</span> <span class='ocrx_word' id='word_1_297' title='bbox 475 3741 556 3838; x_wconf 79' lang='grc' dir='ltr'><strong><em>ἦδος</em></strong></span> <span class='ocrx_word' id='word_1_298' title='bbox 572 3754 613 3819; x_wconf 93' lang='grc' dir='ltr'>ΙΙ.</span> <span class='ocrx_word' id='word_1_299' title='bbox 633 3754 714 3819; x_wconf 81' lang='grc'><strong>670.</strong></span> <span class='ocrx_word' id='word_1_300' title='bbox 734 3754 772 3820; x_wconf 85' lang='lat' dir='ltr'>ef.</span> <span class='ocrx_word' id='word_1_301' title='bbox 791 3754 829 3822; x_wconf 86' lang='lat' dir='ltr'>fr.</span> <span class='ocrx_word' id='word_1_302' title='bbox 847 3755 918 3818; x_wconf 85' lang='lat'>190.</span> <span class='ocrx_word' id='word_1_303' title='bbox 938 3753 990 3839; x_wconf 86' lang='lat' dir='ltr'>(ef.</span> <span class='ocrx_word' id='word_1_304' title='bbox 1010 3755 1050 3818; x_wconf 90' lang='lat' dir='ltr'>de</span> <span class='ocrx_word' id='word_1_305' title='bbox 1073 3754 1241 3837; x_wconf 84' lang='lat' dir='ltr'>Tryphone</span> 
     </span>
     <span class='ocr_line' id='line_1_35' title="bbox 69 3854 727 3944; baseline 0.006 -22"><span class='ocrx_word' id='word_1_306' title='bbox 69 3856 180 3944; x_wconf 84' lang='lat' dir='ltr'>infra),</span> <span class='ocrx_word' id='word_1_307' title='bbox 201 3854 333 3943; x_wconf 86' lang='grc' dir='ltr'><strong><em>τολύπη</em></strong></span> <span class='ocrx_word' id='word_1_308' title='bbox 355 3859 412 3925; x_wconf 93' lang='grc' dir='ltr'><strong>ΙΙΙ.</strong></span> <span class='ocrx_word' id='word_1_309' title='bbox 435 3860 538 3924; x_wconf 80' lang='lat' dir='ltr'>114F.</span> <span class='ocrx_word' id='word_1_310' title='bbox 558 3860 596 3926; x_wconf 88' lang='lat' dir='ltr'>ef.</span> <span class='ocrx_word' id='word_1_311' title='bbox 617 3861 654 3926; x_wconf 85' lang='lat' dir='ltr'>fr.</span> <span class='ocrx_word' id='word_1_312' title='bbox 675 3860 727 3927; x_wconf 87' lang='lat'>94.</span> 
     </span>
    </p>

    <p class='ocr_par' dir='ltr' id='par_1_6' title="bbox 162 3964 1242 4050">
     <span class='ocr_line' id='line_1_36' title="bbox 162 3964 1242 4050; baseline 0.002 -21"><span class='ocrx_word' id='word_1_313' title='bbox 162 3964 242 4044; x_wconf 83' lang='lat' dir='ltr'>Qua</span> <span class='ocrx_word' id='word_1_314' title='bbox 255 3967 316 4030; x_wconf 87' lang='lat' dir='ltr'>via</span> <span class='ocrx_word' id='word_1_315' title='bbox 328 3965 507 4050; x_wconf 84' lang='lat' dir='ltr'>fragmenta</span> <span class='ocrx_word' id='word_1_316' title='bbox 516 3967 700 4050; x_wconf 89' lang='lat' dir='ltr'>Pamphilea</span> <span class='ocrx_word' id='word_1_317' title='bbox 710 3967 750 4032; x_wconf 90' lang='lat' dir='ltr'>ad</span> <span class='ocrx_word' id='word_1_318' title='bbox 760 3968 917 4033; x_wconf 81' lang='lat' dir='ltr'>atticistas</span> <span class='ocrx_word' id='word_1_319' title='bbox 927 3967 1120 4043; x_wconf 88' lang='lat' dir='ltr'>transierint,</span> <span class='ocrx_word' id='word_1_320' title='bbox 1135 3972 1242 4031; x_wconf 86' lang='lat' dir='ltr'>utrum</span> 
     </span>
    </p>
   </div>
   <div class='ocr_carea' id='block_1_4' title="bbox 161 4208 1103 4451">
    <p class='ocr_par' dir='ltr' id='par_1_7' title="bbox 161 4208 1103 4451">
     <span class='ocr_line' id='line_1_37' title="bbox 161 4208 855 4285; baseline 0 -17"><span class='ocrx_word' id='word_1_321' title='bbox 161 4214 183 4279; x_wconf 79' lang='grc'>1)</span> <span class='ocrx_word' id='word_1_322' title='bbox 201 4212 288 4268; x_wconf 84' lang='lat' dir='ltr'>Redit</span> <span class='ocrx_word' id='word_1_323' title='bbox 305 4229 349 4284; x_wconf 81' lang='lat' dir='ltr'>ap.</span> <span class='ocrx_word' id='word_1_324' title='bbox 362 4214 428 4270; x_wconf 78' lang='lat' dir='ltr'>Hes.</span> <span class='ocrx_word' id='word_1_325' title='bbox 443 4209 545 4285; x_wconf 83' lang='grc' dir='ltr'><strong><em>δγκλαι.</em></strong></span> <span class='ocrx_word' id='word_1_326' title='bbox 568 4216 709 4283; x_wconf 78' lang='grc' dir='ltr'>θημῶνες.</span> <span class='ocrx_word' id='word_1_327' title='bbox 726 4208 855 4283; x_wconf 82' lang='grc' dir='ltr'><strong><em>χώματα.</em></strong></span> 
     </span>
     <span class='ocr_line' id='line_1_38' title="bbox 163 4301 1103 4373; baseline 0.003 -17"><span class='ocrx_word' id='word_1_328' title='bbox 163 4301 185 4371; x_wconf 83' lang='lat'>¹)</span> <span class='ocrx_word' id='word_1_329' title='bbox 204 4301 240 4357; x_wconf 84' lang='lat' dir='ltr'>cf.</span> <span class='ocrx_word' id='word_1_330' title='bbox 254 4301 288 4358; x_wconf 82' lang='lat' dir='ltr'>fr.</span> <span class='ocrx_word' id='word_1_331' title='bbox 301 4304 363 4360; x_wconf 85' lang='grc'><strong>404.</strong></span> <span class='ocrx_word' id='word_1_332' title='bbox 376 4309 432 4359; x_wconf 79' lang='lat' dir='ltr'>not.</span> <span class='ocrx_word' id='word_1_333' title='bbox 446 4304 472 4358; x_wconf 86' lang='lat'>4.</span> <span class='ocrx_word' id='word_1_334' title='bbox 491 4304 622 4359; x_wconf 83' lang='lat' dir='ltr'>Immlsch</span> <span class='ocrx_word' id='word_1_335' title='bbox 641 4304 737 4372; x_wconf 80' lang='lat' dir='ltr'>Leipz.</span> <span class='ocrx_word' id='word_1_336' title='bbox 750 4304 827 4360; x_wconf 87' lang='lat' dir='ltr'>Stud.</span> <span class='ocrx_word' id='word_1_337' title='bbox 840 4304 915 4361; x_wconf 85' lang='lat' dir='ltr'>VIII.</span> <span class='ocrx_word' id='word_1_338' title='bbox 928 4321 954 4373; x_wconf 87' lang='lat' dir='ltr'>p.</span> <span class='ocrx_word' id='word_1_339' title='bbox 968 4305 1029 4359; x_wconf 79' lang='grc'><strong>312.</strong></span> <span class='ocrx_word' id='word_1_340' title='bbox 1043 4306 1103 4361; x_wconf 85' lang='grc'><strong>366.</strong></span> 
     </span>
     <span class='ocr_line' id='line_1_39' title="bbox 992 4395 1030 4451; baseline 0 -23"><span class='ocrx_word' id='word_1_341' title='bbox 992 4395 1030 4451; x_wconf 72' lang='lat'>5*</span> 
     </span>
    </p>
   </div>
   <div class='ocr_carea' id='block_1_5' title="bbox 0 0 1509 5040">
    <p class='ocr_par' dir='ltr' id='par_1_8' title="bbox 0 0 1509 5040">
     <span class='ocr_line' id='line_1_40' title="bbox 0 0 1509 5040; baseline 0 0"><span class='ocrx_word' id='word_1_342' title='bbox 0 0 1509 5040; x_wconf 95' lang='lat' dir='ltr'> </span> 
     </span>
    </p>
   </div>
  </div>
 </body>
</html>
