3000 5040
823 271 887 336 192

269 429 440 518 Δήμητρος
463 432 520 497 καὶ
543 427 766 519 Περσεφόνης.
796 430 934 508 Αἴλιος
958 430 998 496 δὲ
1022 427 1232 509 Διονύσιός
1255 448 1364 520 φησι,
1386 434 1441 497 καὶ

269 530 321 604 ότι
344 535 574 623 μόγαρονῖ),
597 530 670 620 οόχὶ
693 538 846 623 μέγαρον,
871 536 916 614 είς
939 526 959 601 ό
982 530 1024 602 τὰ
1045 530 1189 622 μυστικὰ
1213 531 1287 623 ἱερὰ
1309 541 1441 604 κατατί-

269 651 376 710 θεται.

358 751 431 816 255.
464 750 636 815 Eustath.
660 773 690 834 p.
715 751 792 827 862,
818 751 866 816 16.
899 750 1136 836 μέσαυλονῑ)
1166 752 1201 818 δὲ
1229 744 1249 838 ἦ
1278 754 1336 818 καὶ
1360 744 1440 838 αὐλὴ

242 858 325 922 exul
349 853 486 933 ἔπαυλις
508 857 565 920 καὶ
588 843 688 933 αὖλις.
722 854 851 939 λέγεται
879 856 915 920 <te
945 858 1000 920 καὶ
1026 855 1081 921 ἐπὶ
1104 849 1327 945 ἀνθρωπίνης
1351 855 1440 945 οίιιή-

270 981 354 1040 σεοος
377 956 423 1040 ὡς
447 963 545 1047 δηλοῖ
564 954 604 1027 τό

427 1059 484 1134 ότε
508 1066 541 1132 oi
563 1067 753 1152 μέσσαυλον
777 1067 902 1134 ίκοντο.

269 1176 302 1243 οἱ
326 1177 361 1243 δέ
385 1176 524 1242 παλαιοὶ
548 1181 776 1261 σημειοῦνται,
804 1167 850 1252 ὡς
868 1166 1008 1241 Ἀττικοὶ
1035 1175 1097 1259 μὲν
1118 1168 1181 1263 τὴν
1202 1177 1309 1264 μέσην
1331 1175 1441 1264 θύραν

267 1278 469 1368 μέσαυλόνῖ)
499 1298 595 1364 φασι,
621 1277 764 1365 μάλιστα
790 1281 852 1365 μὲν
880 1270 943 1347 οὖν
970 1274 1032 1368 τὴν
1058 1281 1163 1369 μέσην
1192 1283 1289 1350 δυοῖν
1312 1277 1455 1364 αὐλαῑν,Ι

229 1414 255 1452 10
268 1381 314 1466 ὥς
337 1406 439 1475 φησιν
458 1387 596 1465 Αίλιος
614 1384 837 1468 Διονύσιος,
860 1378 902 1474 ἣν
926 1389 983 1454 καὶ
1005 1388 1206 1472 μέταυλον
1229 1381 1333 1468 αὐτός
1355 1391 1440 1475 λέγει

267 1487 353 1580 πρὸς
375 1488 557 1580 ὁμοιότητα
579 1501 641 1559 τοῦ
664 1489 897 1580 μεθόριυνθ)
921 1496 978 1560 καὶ
1000 1497 1241 1580 μεταίχμιον.

362 1602 435 1666 256.
472 1600 698 1684 uastatup.
725 1601 824 1676 1333,
848 1601 898 1667 34.
935 1599 1049 1666 ίστέον
1078 1601 1114 1667 δὲ
1141 1592 1194 1667 ότι
1215 1593 1357 1690 (Όμηρος
1381 1603 1441 1688 μὲν

268 1704 507 1795 μήρινθονῑ)
527 1702 607 1786 οἶδε,
630 1708 859 1784 Παυσανίας
879 1706 914 1772 δὲ
933 1708 988 1773 καλ
1006 1700 1089 1792 μετὰ
1108 1714 1171 1774 τοῦ
1194 1724 1214 1773 σ
1237 1710 1441 1794 σμηρίνθους

268 1810 371 1891 τινός.
415 1813 502 1898 λέγει
525 1804 587 1897 γὰρ
612 1812 652 1877 έν
677 1821 730 1898 τῴ
753 1807 840 1878 κατ’
863 1806 985 1879 αὐτόν
1014 1819 1171 1899 λεξικῷ,
1199 1805 1253 1880 ότι
1282 1811 1439 1903 σμήριν·

230 1944 255 1984 15
269 1921 374 2005 80u2)
399 1920 513 2003 δεσμοὶ
535 1911 556 2005 ἢ
580 1921 735 2003 σπασμοί.
776 1915 924 1986 Πλάτων
947 1917 1075 2006 Νόμων
1097 1918 1223 2007 πρώτῳ
1247 1921 1292 2010 (p.
1316 1923 1438 2010 644Ε)·

267 2034 374 2092 ταῦτα
396 2017 438 2090 τόι
461 2022 572 2111 πάθη,
596 2033 698 2111 νεῦρα
721 2018 741 2112 ἢ
766 2021 945 2112 σμήρινθοί
968 2051 1057 2105 τινες
1080 2025 1243 2109 ένιοῦσαι,
1273 2030 1383 2095 σποόσί
1405 2051 1437 2094 τε

266 2126 350 2220 ἡμᾶς
373 2135 429 2198 καὶ
453 2124 608 2218 όλλήλοις
631 2124 868 2198 ἀνθέλκουσιν.

358 2241 431 2304 257.
463 2239 636 2304 Eustath.
656 2262 685 2322 p.
705 2240 784 2313 310,
803 2240 854 2304 33.
887 2238 1000 2304 ἰστέον
1029 2239 1065 2305 δέ
1092 2241 1149 2305 καὶ
1172 2231 1225 2306 ότι
1247 2246 1437 2328 μιλτωρυ-

265 2347 367 2434 χίαῙ)
395 2345 525 2430 ἐλέγετο
552 2341 672 2425 τόπος,
701 2343 737 2409 ἐν
765 2334 794 2430 ᾦ
820 2347 936 2429 μίλτος
964 2337 1154 2431 ὀρύσσεται,
1186 2349 1244 2412 καὶ
1270 2338 1325 2415 ότι
1357 2340 1436 2414 κατὰ

228 2444 329 2518 αυτόν
348 2453 582 2518 Παυσανίαν
603 2453 741 2535 μίλτος
760 2450 890 2536 ἐλέγετο
909 2453 966 2517 καὶ
984 2445 1004 2538 ἡ
1025 2450 1230 2538 ἐρυσίβη’).
1256 2450 1378 2540 δρόσος
1396 2455 1437 2534 δέ,

268 2577 404 2647 φησιν,
432 2550 516 2644 αὕτη
544 2562 801 2644 καταληφθεῖσα
824 2550 891 2623 ὑπό
916 2554 1106 2639 καύσωνος,
1133 2550 1196 2642 ὑφ’
1218 2549 1258 2645 ἧς
1286 2562 1436 2644 διαφθεί-

268 2689 362 2752 ρεται
384 2673 450 2744 πᾶς
473 2660 636 2750 σπόριμος
658 2660 795 2750 καρπός.

357 2774 430 2838 258.
462 2772 636 2837 Eustath.
660 2794 689 2855 p.
716 2771 815 2848 1340,
839 2771 890 2836 29.
923 2770 1035 2836 ἰστέον
1064 2771 1100 2836 δὲ
1128 2762 1182 2836 ότι
1208 2763 1272 2858 τὴν
1299 2773 1437 2860 παραλέ-

360 3058 381 3127 ⁹)
402 3058 484 3112 conv.
503 3057 591 3124 Phoe,
611 3055 656 3124 qui
675 3056 856 3110 Menandrum
875 3060 975 3111 testem
994 3056 1098 3111 laudat.

313 3146 374 3201 255.
394 3148 416 3213 1)
435 3144 601 3214 Saepissime
620 3146 691 3199 haee
710 3145 860 3211 iterantur,
880 3144 915 3200 cf.
934 3162 961 3214 p.
981 3145 1043 3214 883,
1061 3145 1105 3201 45.
1126 3145 1207 3207 1337,
1227 3145 1269 3200 40.
1296 3147 1379 3216 1664,
1397 3147 1437 3201 27.

268 3234 313 3288 Et.
333 3235 370 3288 M.
390 3236 451 3304 581,
471 3235 493 3287 7.
515 3234 579 3288 Hes.
599 3262 634 3275 ·-
653 3233 770 3288 Diversa
789 3250 833 3302 ap.
853 3234 939 3302 Harp.
961 3233 1037 3288 Suid.
1056 3234 1093 3303 gl.
1111 3231 1258 3301 μέταυλος.

359 3322 381 3391 ²)
401 3322 440 3376 uf.
460 3322 538 3376 Phot.
558 3323 615 3389 (ubi
634 3339 655 3376 s.
674 3322 692 3376 f.
712 3316 866 3390 μεταόλιον
884 3323 978 3391 legas).
1006 3323 1052 3376 Et.
1071 3323 1109 3378 M.
1128 3323 1146 3377 l.
1166 3323 1184 3376 l.
1204 3323 1270 3379 Hes.
1290 3340 1311 3380 s.
1332 3341 1356 3381 v.
1375 3322 1439 3394 μέσ-

269 3413 382 3466 σαυλον.
411 3412 477 3466 Lex.
501 3412 614 3466 Bachm.
639 3412 767 3480 298,16.
791 3412 876 3466 Moer.
896 3411 997 3481 Phryn.
1016 3412 1083 3467 Lob.
1107 3429 1134 3481 p.
1155 3413 1214 3468 195.
1239 3412 1329 3468 Sahal.
1350 3413 1438 3483 Apoll.

268 3500 356 3555 Rhod.
376 3501 425 3556 111.
444 3501 504 3556 235.

359 3589 380 3658 ¹³)
398 3591 526 3644 Fortasse
550 3593 696 3658 utrumque
720 3588 851 3644 atticistis
875 3589 1006 3657 debetur,
1036 3587 1070 3644 ef.
1094 3588 1173 3644 Phot.
1197 3605 1218 3644 s.
1243 3605 1267 3644 v.
1290 3584 1439 3661 μεθόριον,

268 3679 443 3749 μεταίχμιον.
467 3679 544 3733 Euat.
564 3696 590 3747 p.
609 3678 671 3745 384,
690 3677 733 3732 46.
753 3679 813 3742 516,
832 3678 875 3732 21.
895 3679 960 3744 833,
979 3678 1023 3733 32.
1042 3679 1088 3732 Et.
1106 3678 1144 3732 M.
1163 3677 1224 3746 586,
1243 3677 1286 3732 21.
1305 3677 1351 3732 Et.
1371 3677 1440 3734 and.

268 3769 329 3832 388,
350 3769 383 3824 53
403 3768 461 3837 (ubi
479 3770 611 3838 στρατῶν
629 3783 678 3836 pro
698 3760 881 3836 στρατιώτου
899 3767 994 3835 legas).
1022 3767 1089 3821 Hes.

313 3857 374 3912 256.
396 3859 415 3926 ¹)
434 3856 473 3910 01.
492 3857 571 3910 Phot.
590 3855 664 3911 Suid.
683 3855 773 3910 Sahal.
792 3856 840 3908 Ar.
860 3855 1025 3924 Thesmoph.
1045 3856 1106 3911 928.
1125 3854 1171 3922 (ef.
1185 3855 1314 3910 Enatath.
1333 3871 1361 3924 p.
1380 3855 1441 3922 760,

268 3945 314 4012 42)
332 3945 376 3998 Et.
397 3945 435 3999 M.
455 3946 515 4010 584,
534 3946 579 3999 32.
597 3945 640 3999 36.
659 3943 704 3997 Et.
724 3942 794 3997 (lud.
812 3944 874 4009 392,
894 3945 936 3999 16.
956 3944 1017 4012 626,
1036 3944 1080 3998 42.
1099 3943 1165 4000 Hes.

359 4033 379 4101 9)
399 4033 479 4089 Canu.
499 4035 577 4088 Phot.
597 4033 665 4086 Lex.
684 4033 797 4086 Bechm.
817 4033 878 4098 367,
897 4033 940 4087 21.
960 4032 1034 4088 Suid.
1054 4033 1120 4088 Hes.

313 4123 374 4177 257.
395 4124 415 4189 1)
433 4122 581 4178 Praecedit
600 4121 633 4176 fr.
652 4121 712 4176 438.
734 4151 767 4159 -
787 4121 868 4175 Gonu.
887 4121 966 4176 Phot.
986 4122 1020 4176 cf.
1039 4122 1105 4176 Hes.
1124 4121 1194 4176 Poll.
1213 4123 1275 4178 VlI.
1296 4123 1356 4178 100.

359 4211 379 4279 8)
399 4210 438 4266 cf.
462 4213 540 4266 Phot.
565 4210 639 4266 Suid.
664 4211 729 4264 Lex.
755 4209 867 4264 Bechm.
890 4211 956 4276 236,
979 4211 1022 4265 20.
1046 4211 1137 4266 Sahal.
1160 4210 1230 4265 Plat.
1254 4209 1324 4280 Rep.
1349 4211 1442 4266 609A.

269 4299 336 4354 Has.
355 4299 399 4352 Et.
413 4300 451 4354 M.
470 4301 532 4366 378,
552 4301 594 4355 46.
614 4299 659 4352 Et.
675 4299 744 4353 Gud.
759 4299 820 4364 210,
841 4298 882 4354 18.
902 4299 954 4365 25,
973 4315 1042 4367 quae
1062 4299 1165 4354 similia
1184 4299 1218 4354 de
1237 4300 1290 4354 hee
1307 4298 1444 4354 frumenti

269 4387 364 4443 morbo
383 4388 535 4457 proferunt,
553 4403 644 4456 nequa
663 4392 756 4442 tamen
776 4402 870 4441 vocem
888 4391 937 4441 aut
956 4388 1169 4456 explicationem
1187 4387 1369 4444 iteraverunt.
