3000 5040
726 262 787 327 191

165 471 173 484 .
196 471 203 484 .
224 471 231 484 .
250 410 425 504 μαλακὸς
447 409 580 507 κηρὸς,
604 412 623 485 6
643 418 680 484 ἐν
698 428 748 505 τῷ
771 421 980 506 γραμματείῳ
1004 411 1090 485 κατὰ
1113 412 1175 486 τὸν
1198 421 1340 489 Αἴλιον

165 523 396 607 Διονύσιον,
428 518 475 604 ὥς
506 533 577 591 τῶν
608 519 701 612 παρὰ
728 539 799 604 τοῖς
825 531 981 604 παλαιοῖς
1012 528 1216 593 πινακιδῖιον
1248 537 1340 616 κηρῷ

165 629 315 719 τοιούτῳ
336 638 477 719 μαλακῷ
500 625 747 720 άληλιμμένοον,
775 632 811 698 έν
839 623 868 718 ᾦ
892 630 1040 719 έγραφον
1067 629 1122 699 διά
1150 658 1242 712 τινος
1264 659 1340 722 γρα-

166 740 269 822 φείου
293 745 448 827 σκληροῦ.

259 846 332 911 252.
364 847 539 913 Eustath.
563 870 592 931 p.
618 846 717 924 1854,
741 847 792 911 32.
824 845 962 923 Αἴλιος
990 846 1026 911 δὲ
1054 844 1263 925 Διονύσιος
1290 849 1340 913 λέ-
1369 866 1381 905 ⁵

168 974 234 1038 γει,
258 943 311 1018 άτι
332 945 503 1039 Περσικὸν
526 947 634 1038 ὄνομα
657 954 714 1018 καὶ
738 945 756 1018 5
779 948 999 1039 μανδάαςῑ).
1043 948 1131 1018 έοικε
1156 953 1206 1034 δέ,
1234 972 1341 1041 φησι,

168 1055 324 1142 φαινόλη.
357 1061 414 1126 καὶ
438 1053 456 1125 5
480 1056 631 1145 γράψας
654 1060 690 1126 δὲ
712 1059 880 1145 γένταλγ
904 1051 946 1123 τά
969 1060 1051 1145 κρέα
1077 1051 1163 1124 κατὰ
1186 1065 1342 1144 γλῶσσαν

172 1168 318 1254 Θρᾳκῶν
341 1163 494 1252 ἔγραφεν.

258 1272 332 1338 253.
364 1273 537 1339 Eustath.
557 1295 585 1357 p.
607 1273 701 1349 1496,
720 1272 771 1338 51.
804 1268 933 1356 μάσταξ
952 1272 987 1338 δέ
1007 1264 1049 1337 οά
1065 1268 1174 1356 μόνον
1192 1265 1212 1358 ἦ
1231 1267 1341 1360 τρυφὴ

169 1371 216 1456 ὡς
239 1381 296 1444 καὶ
319 1378 356 1444 έν
379 1372 506 1459 ἄλλοις,
534 1371 618 1444 α’λλὰ
641 1381 699 1444 καὶ
720 1370 760 1444 τὸ
785 1375 891 1462 στόμα
918 1371 964 1454 ὡς
993 1377 1152 1445 ἐνταῦθα.
1181 1372 1273 1466 παρὰ
1300 1374 1341 1447 τὸ
1357 1400 1383 1439 1⁰

168 1492 361 1568 μαστᾶσθαι
389 1486 425 1552 δὲ
451 1487 580 1571 γίνεται
606 1488 663 1551 καὶ
691 1479 873 1570 ἀμφότερα.
914 1484 1002 1562 τινὲς
1030 1485 1066 1551 δὲ
1093 1487 1150 1550 καὶ
1172 1479 1212 1552 τό
1233 1493 1343 1571 χεῖλος

170 1582 261 1657 σάτον
285 1595 396 1674 φασίν.
431 1591 468 1658 έν
492 1593 529 1659 δὲ
551 1589 750 1680 ῥητορικῷ
774 1597 916 1677 λεξικηῦ
940 1583 1095 1678 εάρηνται
1118 1593 1175 1658 καὶ
1197 1590 1341 1676 μάστα-

170 1700 284 1782 κεςῑγ
314 1696 348 1764 αἱ
366 1692 507 1784 άκρῖδες.
541 1701 598 1765 καὶ
620 1699 750 1784 λέγεται
773 1706 908 1765 κεῖσθαι
931 1706 1033 1764 τοῦτο
1056 1690 1148 1782 παρὰ
1171 1703 1346 1781 Σοφοκλεῖ

171 1802 208 1869 έν
235 1808 332 1871 Φινεῖ
352 1806 404 1892 (fr.
424 1807 498 1873 650.
517 1807 653 1892 Nauck).
695 1806 764 1871 ἐκεῖ
791 1806 826 1871 δὲ
855 1804 1032 1890 ἐμφέρεται
1061 1807 1117 1870 καὶ
1141 1797 1194 1872 άτι
1215 1803 1344 1891 μάσταξ

171 1908 206 1976 αἱ
225 1910 281 1977 ἐπὶ
298 1920 361 1978 τοῦ
380 1906 453 1978 άναν
469 1915 600 1998 χείλους
618 1914 733 1999 τρίχες.
757 1909 919 1988 πάππος
943 1905 976 1977 δ’
996 1909 1029 1976 αἱ
1049 1910 1103 1977 ἐπὶ
1121 1920 1184 1978 τοῦ
1203 1909 1383 2000 x02w2).1⁵

164 2010 271 2084 Ἔνθα
304 2020 483 2106 σημείωσαι
511 2014 558 2098 σάς
591 2012 609 2086 5
641 2012 734 2105 παρὰ
766 2029 837 2096 τοῖς
869 2012 983 2095 ἄλλοις
1011 2025 1135 2096 κοινῶς
1165 2016 1344 2104 γενόμενος

170 2121 299 2208 μάσταξ
321 2119 376 2192 διὰ
398 2135 462 2192 τοῦ
484 2151 504 2191 υ
526 2123 656 2211 μάσταξ
679 2126 783 2192 ἐκεῖσε
809 2117 865 2191 διὰ
882 2131 945 2190 τοῦ
964 2149 985 2190 α
1002 2122 1174 2211 γράφεται.
1207 2127 1345 2205 Αἴλιος

135 2260 138 2265 ⁴
172 2231 208 2296 δὲ
231 2228 440 2310 Διονύσιος
463 2235 521 2298 καὶ
542 2229 844 2318 μασταρύζειν3)
869 2234 951 2318 φησὶ
972 2224 1013 2296 τὸ
1037 2240 1150 2310 κακῶς
1171 2239 1344 2317 μασᾶσθαι

170 2338 228 2402 καῖ
249 2342 426 2420 βλακικῶς.

261 2444 335 2510 254.
366 2446 538 2513 Eusiath.
562 2471 591 2532 p.
618 2447 786 2523 1387,16.
819 2444 991 2530 μέγαρον
1015 2445 1066 2524 δὲ,
1094 2437 1140 2521 ὡς
1164 2442 1204 2509 έν
1228 2440 1341 2530 ῥητο-
1359 2463 1385 2502 2⁰

171 2559 271 2637 ρικῷ
299 2552 437 2638 φέρεται
464 2558 642 2640 λεξικῷῑ)
673 2546 713 2619 σά
740 2548 853 2637 μόνως
881 2544 920 2617 τὸ
949 2558 1074 2628 κοινῶς
1097 2543 1181 2615 άλλὰ
1205 2551 1261 2614 καὶ
1285 2549 1343 2615 ἰδι-

171 2665 241 2736 κώς
272 2658 411 2745 μέγαρα·
458 2657 617 2744 κατάγεια
650 2655 829 2744 οἰκήματά,
862 2675 969 2744 φησι,
1001 2669 1076 2722 ταῖν
1099 2662 1209 2743 ζθεαῖν
1240 2650 1345 2741 ἤγουν

171 2873 232 2930 loeo
264 2875 414 2942 excidisse,
448 2892 509 2930 cum
542 2875 678 2930 vocabula
704 2893 732 2940 μ.
757 2892 782 2926 κ.
807 2871 989 2927 usitatissime
1017 2870 1130 2925 minime
1159 2870 1344 2940 explicatione

171 2967 281 3032 egeant,
301 2964 432 3033 suspicor,
457 2963 492 3019 cf.
510 2964 581 3018 Prol.
600 2980 627 3032 p.
647 2964 690 3017 34.
710 2993 745 3003 -
764 2963 894 3016 Fortasse
912 2955 1029 3027 μάλθη
1049 2961 1141 3028 glossa
1159 2958 1226 3028 fuit,
1246 2958 1280 3014 cf.
1299 2959 1344 3012 Et.

171 3052 210 3106 M.
230 3053 291 3115 574,
310 3054 353 3107 34.
373 3054 440 3108 Lex.
459 3055 573 3109 Bachm.
592 3053 654 3118 295,
673 3052 698 3105 8.
717 3053 749 3106 Β.
769 3053 801 3105 Α.
821 3052 883 3117 278,
902 3051 946 3105 28.

217 3141 279 3196 252.
299 3142 321 3208 ¹)
340 3143 421 3197 GonV.
445 3143 525 3197 Phot.
549 3142 624 3197 Suid.
648 3142 715 3195 Lex.
739 3141 852 3194 Bechm.
876 3139 942 3206 295,
967 3140 1009 3192 12.
1039 3137 1072 3192 cf.
1092 3138 1137 3193 Et.
1156 3138 1193 3192 M.
1213 3136 1278 3201 402,
1302 3135 1344 3190 49.

172 3231 264 3286 Schoi
282 3231 350 3286 Lue.
369 3233 421 3286 vol.
441 3231 489 3287 IV.
508 3249 535 3300 p.
555 3231 597 3286 69.
616 3229 752 3286 Jacobitz.
771 3230 838 3284 Hes.

262 3319 284 3385 ¹)
303 3319 343 3374 ef.
362 3337 388 3390 p.
409 3321 470 3389 918,
490 3321 534 3385 29,
553 3320 602 3374 ubi
621 3320 690 3374 eade
704 3315 762 3373 moi
780 3314 815 3372 τὰ
834 3321 891 3371 τῶν
910 3319 1048 3386 γλωσσῶν
1068 3310 1271 3386 ἱστορήσαντες
1288 3318 1345 3368 tra·

172 3407 278 3462 didisse
297 3406 431 3463 feruntur.
461 3408 496 3462 ef.
516 3407 591 3462 Suid.
611 3408 676 3462 Hes.

216 3497 278 3551 253.
301 3498 321 3565 ¹)
336 3497 393 3566 Quo
409 3514 470 3552 cum
485 3498 546 3552 loco
561 3496 781 3565 coniungendam
797 3498 840 3549 est
853 3496 932 3560 1353,
943 3495 977 3550 56
996 3487 1087 3561 ὑπήνη
1107 3489 1138 3545 δὲ
1157 3483 1176 3559 ἢ
1192 3491 1296 3553 κοινῶς
1312 3484 1346 3542 τὸ

173 3583 287 3656 γένειον
305 3581 379 3641 κατά
397 3603 483 3650 τινας.
502 3578 584 3654 ἢκαῖ
598 3578 698 3648 άλλως.
717 3579 828 3651 μάσταξ
846 3580 907 3650 μέν,
927 3599 1023 3652 φασιν,
1043 3578 1072 3634 αὶ
1091 3583 1141 3634 τοῦ
1160 3573 1219 3633 οἴνα)
1235 3579 1348 3648 χελλονς

174 3675 276 3745 τρίχες,
296 3671 326 3728 αἴ
344 3674 374 3730 δὲ
393 3671 472 3730 κάτιο
491 3670 609 3739 πάππος
627 3673 672 3740 (cf.
691 3675 751 3738 565,
770 3675 824 3738 86),
844 3668 877 3726 τὸ
897 3669 927 3726 δὲ
947 3667 978 3735 ἐξ
996 3666 1104 3738 ἀμφοῖν
1121 3664 1243 3736 ὑπήνη·
1263 3669 1312 3720 καὶ
1331 3659 1346 3720 5

173 3759 301 3832 κωμικὸς
315 3753 391 3819 σάτα)
404 3772 473 3828 νοεῖ,
495 3760 526 3818 ἐν
541 3756 583 3828 οἷς
597 3761 675 3833 λέγει
688 3758 823 3830 μολύνειν
836 3757 888 3829 τὴν
902 3755 1019 3828 ὑπήνην,
1039 3757 1074 3812 cf.
1089 3757 1122 3811 fr.
1138 3758 1199 3810 419.
1213 3786 1249 3795 -
1263 3756 1347 3810 (λοστ.

173 3853 262 3918 Phoe,
281 3853 316 3908 cf.
332 3854 397 3909 Hes.
413 3854 458 3908 Et.
473 3855 513 3908 M.
528 3855 590 3918 574,
604 3855 666 3908 223.
684 3883 716 3892 -
735 3853 834 3907 Altera
852 3849 1019 3919 significatio
1038 3862 1082 3916 ap.
1098 3846 1173 3901 Suid.
1188 3845 1265 3898 Phot.
1281 3844 1346 3898 Hes.

173 3940 219 3996 Et.
238 3942 277 3996 Μ.
296 3943 358 4010 574,
377 3943 437 3998 180.
456 3944 524 3997 Lex.
543 3942 656 3997 Beehm.
676 3943 737 4006 295,
756 3942 800 3995 23.

265 4031 286 4097 ¹)
306 4032 387 4087 Conv.
406 4033 484 4087 Phot.
504 4032 540 4087 cf.
559 4033 603 4087 Et.
623 4034 660 4087 M.
681 4032 740 4096 780,
760 4031 802 4084 29.
823 4045 857 4083 ex
875 4029 930 4082 lex.
949 4027 1019 4081 rhet.
1040 4025 1105 4078 Hes.
1127 4040 1147 4077 s.
1166 4039 1191 4076 v.
1210 4013 1311 4089 ὑπήνη.

263 4119 286 4191 ⁸)
306 4121 345 4176 ef.
366 4123 443 4177 Phot.
463 4123 530 4176 Hes.

219 4210 280 4264 254.
302 4210 322 4280 ¹)
342 4210 382 4265 ef.
406 4212 484 4267 Phot.
503 4212 570 4266 Lex.
590 4211 703 4264 Beehm.
722 4210 788 4272 296,
807 4209 832 4261 9.
856 4207 901 4260 Et.
920 4205 958 4258 M.
978 4204 1043 4270 574,
1063 4203 1105 4256 48.
1129 4201 1196 4255 Hes.
1216 4215 1237 4254 s.
1256 4215 1281 4254 v.
1300 4196 1348 4265 μέ-

175 4317 265 4369 γαρα,
283 4298 419 4371 μέγαρον.
440 4332 473 4340 -
495 4301 534 4355 cf.
554 4300 657 4364 locum,
678 4313 759 4366 quem
779 4296 854 4351 Suid.
873 4292 1039 4362 compluries
1058 4289 1166 4355 attulit,
1190 4288 1225 4344 ef.
1244 4283 1347 4359 γύννις,

177 4383 319 4459 εὐνοῦχος,
340 4386 546 4462 ἐκνενρισθεῖς,
565 4386 700 4459 μέγαρον.
720 4385 786 4440 Lob.
806 4383 943 4453 Aglaoph.
963 4399 989 4452 p.
1008 4382 1069 4436 829.
