2986 5062
836 250 879 315 94

272 427 366 492 ταῑος
399 403 453 479 διὰ
485 402 614 488 παντὸς
646 412 703 474 καί
736 406 945 487 Διονύσιος
976 411 1033 475 καί
1061 402 1256 488 Ἑλλάνικος
1287 413 1347 478 καί
1381 405 1447 478 Εὕ-

273 522 379 602 δοξος.

362 627 413 692 21.
441 624 614 690 Eustath.
628 646 658 708 p.
677 624 751 701 801,
771 624 822 690 57.
851 621 889 689 έν
902 630 987 708 γοῦν
1004 629 1055 709 τῷ
1068 622 1212 690 Αἰλίου
1231 626 1446 692 Διονυσίου

272 739 392 818 λεξικῷ
406 727 569 818 γράφεται
584 721 707 809 οὕτως·
728 728 857 796 αίνειν
867 731 893 818 1)
908 733 989 816 (eod.
1005 729 1128 817 αίνεῑν)
1139 722 1182 797 τὸ
1195 722 1377 798 άναδεύειν
1391 735 1446 797 καὶ

245 832 445 906 εάνακινείν
464 829 586 924 κριθάς
604 829 701 903 ὕδατι
716 833 915 923 φύροντα’).
938 834 1162 924 Φερεκράτης·
1182 837 1236 926 (fr.
1253 837 1328 904 183.
1342 839 1445 926 Koch)

271 955 335 1012 νῦν
354 945 541 1031 έπιχεῑσθαι
560 938 619 1023 τὰς
637 936 758 1030 κριθάς
778 946 837 1025 δεῖ,
855 946 1019 1025 πτίττειν,
1037 940 1188 1030 φρύγειν,
1211 935 1445 1032 άναβράττειν,

272 1053 388 1120 αίνειν.

360 1160 589 1236 Παυσανίας
613 1158 653 1223 δὲ
676 1156 718 1223 έν
740 1163 795 1242 τῷ
818 1149 906 1223 κατ’
930 1149 1054 1223 αὐτὸν
1077 1152 1278 1244 ῥητορικῷ
1301 1163 1445 1246 λεξικῷ

272 1259 313 1332 οὗ
342 1258 396 1333 διά
425 1262 614 1351 διφδόγγου
640 1260 782 1351 γράφων
811 1262 955 1351 αίνεινθ)
984 1255 1070 1329 άλλδ
1099 1255 1153 1330 διὰ
1174 1259 1285 1348 μόνου
1313 1274 1377 1332 τοῦ
1400 1268 1444 1333 δι-

233 1393 259 1432 1⁰
269 1369 396 1460 χρόνου
428 1383 450 1439 ᾶ
483 1373 598 1459 φησίν·
632 1365 727 1436 άνεῑν
760 1369 796 1436 ἐν
830 1366 962 1436 ἐκτάσει
989 1366 1055 1454 ἔχει
1081 1360 1121 1435 τό
1149 1379 1181 1435 ᾶ.
1216 1370 1316 1458 δηλοῖ
1342 1373 1379 1438 δὲ
1406 1365 1444 1439 τὸ

270 1483 435 1558 πτίσσειν,
461 1470 508 1557 ὡς
525 1471 761 1564 Ἀριστοφάνης
784 1475 821 1543 ἐν
844 1472 970 1564 Εἰρήνη
995 1477 1098 1562 δηλοῖ.
1141 1477 1207 1542 Καὶ
1233 1475 1445 1565 Φερεκράτης

272 1580 305 1651 δ’
329 1583 378 1652 ἔτι
402 1587 517 1673 φησίν·

270 1699 334 1758 νῦν
350 1685 383 1758 δ’
393 1690 581 1776 ίπιχεῖσδαι
594 1683 654 1768 τάς
667 1681 789 1776 κριθὰς
804 1691 863 1771 δεῖ,
878 1691 1041 1770 πτίσσειν,
1055 1684 1206 1774 φρύγειν,
1221 1682 1445 1778 άναβράττειν

271 1791 364 1864 ἆνεῑν
388 1791 496 1878 άλέξει
517 1793 627 1881 μάξαι,
649 1789 689 1862 τό
712 1802 906 1862 τελευταῖον
929 1801 1148 1880 παραθεῖναι·

231 1922 257 1962 15
272 1905 376 1990 λέγει
395 1904 436 1968 δὲ
452 1904 554 1989 καὶ4)
575 1895 628 1968 ότι
643 1903 793 1988 διαφέρει
808 1895 848 1968 τὸ
866 1903 1019 1969 πτίσσειν
1036 1909 1099 1967 τοῦ
1117 1894 1220 1968 άνεῑν.
1239 1894 1281 1968 τό
1299 1903 1365 1988 μὲν
1382 1898 1444 1992 γὰρ

269 2013 423 2077 πτίσσειν
445 2012 586 2095 γίνεται,
613 2007 668 2075 ίνα
690 2001 731 2075 τό
753 2005 980 2094 πτισσόμενον
1003 2000 1167 2074 άπολίποι
1189 2000 1230 2074 τό
1253 2013 1445 2096 πιτυρῶδες

270 2111 405 2204 άχυρον,
428 2109 468 2182 τὸ
488 2116 525 2182 δὲ
543 2109 636 2182 άνεῖν
655 2115 711 2182 ἐπὶ
729 2123 851 2203 ξηρῶν,
874 2107 988 2201 ὥσπερ
1007 2111 1156 2202 καρύων,
1179 2112 1235 2181 ἵνα
1251 2107 1294 2182 τό
1313 2110 1444 2205 άχυρῶ-

271 2227 325 2302 δες
349 2217 462 2290 αὐτῶν
485 2223 646 2307 περικαὲν
669 2216 883 2309 ἀφαιρεθείη·
908 2220 949 2288 ὲν
973 2216 1109 2300 ἄλλοις
1131 2221 1172 2287 δὲ
1194 2221 1363 2308 φέρεται
1387 2228 1444 2292 καί

269 2339 388 2397 ταῦτα·
413 2329 528 2396 αίνειν.
552 2322 593 2395 τό
612 2321 834 2416 άναβράττειν
853 2322 1077 2416 ἀληλεσμένον
1101 2329 1232 2416 σῑτονῦ)
1250 2331 1309 2396 καὶ
1326 2349 1443 2398 πτισ-

231 2462 258 2503 eo
272 2433 369 2524 σάνη
391 2429 483 2524 παρά
506 2428 547 2502 τό
570 2438 724 2502 πτίσσειν
747 2437 804 2501 καὶ
828 2433 943 2502 αίνείν.

270 2616 297 2668 p.
317 2599 378 2654 632.
406 2614 461 2653 nou
483 2599 519 2653 ed
541 2595 713 2667 periegetom
736 2595 786 2650 sed
809 2596 845 2650 od
864 2594 1066 2666 Mitylenaeum
1089 2594 1341 2664 supralaudatum
1363 2613 1442 2654 revo-

271 2691 324 2742 cet.
344 2687 473 2743 Eusteth.
493 2688 530 2742 ad
552 2685 633 2741 Dion.
652 2685 760 2753 Perieg.
780 2684 841 2740 428.
862 2672 906 2738 ότι
928 2679 962 2738 τὸ
986 2675 1087 2752 Αἶμος,
1112 2674 1144 2748 ός
1162 2685 1212 2739 καί
1231 2680 1393 2757 οὐδετέρως
1409 2684 1442 2743 τό

271 2768 362 2843 Αἶμον
380 2773 493 2846 λέγεται
512 2777 571 2829 κτλ.
591 2775 686 2844 Steph.
705 2775 771 2844 Byz.
790 2764 880 2840 Αίμος
898 2764 967 2843 ὄρος
988 2767 1107 2848 Θρᾴκης.
1127 2770 1242 2843 λέγεται
1260 2775 1311 2829 καί
1329 2769 1442 2831 οόδετέ

272 2883 337 2935 ρος,
357 2858 396 2928 ὡς
414 2860 442 2918 οί
461 2863 568 2918 πολλοί.
589 2862 624 2918 cf.
639 2863 741 2918 Herod.
761 2862 804 2917 ed.
819 2862 915 2916 Lentu.
930 2863 952 2917 Ι.
966 2862 1027 2925 170,
1046 2863 1072 2917 5.
1100 2862 1244 2918 Strabonis
1261 2879 1329 2918 ueuo
1348 2865 1442 2920 varius

271 2957 326 3008 est:
345 2969 373 3022 p.
387 2953 449 3008 319.
463 2948 495 3007 τὸ
510 2944 602 3020 Αἶμον
621 2951 730 3023 (optimi
749 2951 827 3006 codd.
842 2943 934 3018 Αἷμον
952 2951 1103 3005 secundum
1122 2950 1223 3018 Crem)
1242 2942 1312 3023 ὄρος
1328 2951 1440 3022 legitur.

196 3101 201 3107 ,
270 3072 306 3081 -
323 3041 397 3097 Num
419 3040 494 3096 idem
517 3056 594 3096 error
616 3041 700 3104 latet,
724 3045 809 3109 etque
832 3039 863 3094 in
880 3039 971 3095 Schol.
990 3040 1027 3094 ad
1045 3038 1167 3110 Scyleoie
1190 3038 1344 3110 periplum,
1368 3041 1440 3111 quod

270 3129 373 3184 Muller
391 3130 421 3184 iu
438 3128 526 3200 praef.
546 3129 645 3198 Geogr.
660 3146 699 3198 gr.
719 3128 784 3184 min.
798 3146 825 3198 p.
841 3129 972 3183 XXXIII.
994 3129 1123 3197 correxit,
1142 3127 1255 3185 Aelium
1272 3129 1368 3200 Dimn,
1385 3145 1441 3186 nou

270 3218 440 3289 Dionysium,
461 3218 549 3273 fuisse
568 3218 647 3272 illum
666 3218 871 3288 geographum?

314 3309 356 3362 21.
376 3309 398 3373 1)
416 3308 459 3362 De
471 3323 545 3365 voco.
559 3301 630 3362 αίνυ
644 3312 674 3361 et
687 3302 748 3361 αἰνῶ
762 3305 797 3362 σί.
812 3306 905 3361 Cobet.
918 3305 1021 3360 Muem.
1035 3305 1069 3362 X.
1083 3307 1126 3362 60.
1139 3336 1175 3348 -
1187 3302 1260 3360 αίνιό
1274 3308 1305 3361 et
1319 3302 1382 3361 ἀνῶ
1395 3323 1439 3377 ep.

174 3398 177 3404 '
269 3397 347 3451 Euet.
368 3391 438 3450 αίνω
457 3395 569 3466 scripsi,
593 3394 628 3452 cf.
647 3396 749 3451 Herod.
774 3396 810 3451 11.
830 3395 895 3461 930,
914 3395 957 3450 27.
977 3395 1073 3450 Lentu.
1093 3389 1165 3449 αίνο
1187 3390 1221 3449 τό
1244 3389 1441 3464 δασυνόμενα

270 3487 319 3540 καί
336 3481 534 3558 βαρυνόμενον
552 3480 585 3538 τό
607 3479 687 3556 παρὰ
709 3490 769 3548 τοῖς
793 3479 932 3548 Ἀττικοῖς.
959 3478 1144 3555 Φερεκράτης
1166 3478 1270 3553 αίνειν,
1299 3483 1439 3540 πτίσσειν.

360 3576 380 3641 υ
399 3600 433 3619 =
452 3576 483 3630 Β.
499 3576 533 3629 A.
548 3575 609 3642 360,
628 3575 672 3629 εν.

359 3663 381 3731 ⁸)
400 3665 466 3719 Hes.
486 3658 586 3718 αίναν·
616 3662 745 3717 πιίσσων
764 3665 793 3717 et
811 3654 926 3716 άναντα.
955 3663 1107 3732 Σοφοκλῆς
1124 3655 1221 3734 Ἰνάχῳ
1239 3659 1282 3728 (fr.
1301 3660 1382 3733 275)⁸
1404 3656 1439 3717 τό

269 3749 307 3822 μὴ
327 3750 505 3822 κεκομμένα,
529 3747 607 3823 παρὰ
630 3747 664 3806 τδ
686 3746 776 3806 αίνειν
799 3741 815 3805 ό
839 3746 901 3805 ἐστι
923 3746 1142 3805 κατακόπτοντα
1165 3751 1303 3805 πτίσσειν.
1341 3750 1440 3807 Glom

270 3835 349 3897 όινεῖν
368 3848 506 3912 corrupte.
535 3843 666 3897 Fortasse
686 3841 771 3896 etiam
790 3840 957 3895 conveniunt
972 3856 1033 3894 oum
1047 3841 1128 3896 Peuo.
1144 3837 1272 3895 doctriua
1285 3839 1353 3895 Heu.
1366 3834 1439 3909 α’φῆ·

270 3949 324 3984 ναι.
344 3923 448 4000 άφηνα.
468 3932 546 3986 Phot.
566 3918 727 3998 Hes.†‘1'voc·
747 3923 843 3998 κόψας
861 3928 958 3984 Galen.
974 3945 1033 3985 τοο.
1046 3927 1179 3999 Hippoer.
1198 3928 1262 3997 (vol.
1281 3926 1358 3983 XIX.
1378 3926 1437 3983 10³.

269 4019 364 4090 Koun)
383 4010 461 4088 ἧναι·
486 4015 589 4089 κόψαι·
613 4021 663 4073 καί
681 4019 699 4088 †
718 4012 817 4086 ἠνίων·
837 4019 895 4072 τῶν
911 4014 1105 4085 κεκομμένον.

359 4112 381 4176 ⁴)
400 4109 494 4163 Alium
513 4112 655 4164 auctorem
674 4107 720 4162 hio
740 4107 775 4162 ab
789 4107 868 4161 Eust.
882 4106 1038 4162 adhibitum
1054 4122 1115 4162 esse
1129 4109 1255 4175 apparet,
1275 4121 1338 4160 oum
1352 4103 1436 4160 etim

271 4213 292 4252 ε.
311 4214 335 4252 v.
355 4192 495 4264 πτισσάνη
514 4197 603 4267 (Euet.
615 4197 678 4264 437,
697 4197 742 4263 20)
761 4195 913 4250 PeuseuIas
933 4189 1023 4249 αίνειν
1042 4199 1071 4250 et
1088 4195 1220 4250 πτίσσειν
1237 4208 1320 4250 voces
1338 4187 1436 4248 ταότο·

270 4280 402 4353 δυνάμεις
425 4301 486 4341 esse
509 4285 670 4341 affirmaret.

358 4376 379 4443 ⁶)
398 4375 488 4429 Meier
507 4375 557 4444 ορ.
571 4376 605 4429 II.
620 4376 679 4442 108,
698 4375 793 4429 Neber
811 4374 882 4428 Prol.
897 4374 932 4428 ed
951 4374 1029 4427 Phot.
1045 4375 1114 4429 hoec
1134 4373 1220 4428 verbe
1231 4373 1268 4428 od
1287 4373 1344 4427 lex.
1362 4371 1432 4427 rhet.
