3000 5040
104 238 126 287 1
636 178 677 242 41

71 335 265 422 straverunt)
283 337 348 401 iam
366 335 526 403 Nauckius
546 362 575 422 p.
598 338 669 404 129.
688 339 823 422 aperuit,
846 337 934 405 cuius
953 339 1096 406 ordinem
1119 361 1241 424 sequor.

72 443 120 509 Ao
137 444 275 526 primum
293 443 385 510 nohis
404 444 540 509 occurrit
558 446 592 509 in
609 468 640 528 p.
657 446 730 511 133.
750 445 809 530 (=
827 446 914 511 Eust.
931 446 1005 524 648,
1024 446 1082 533 56)
1101 446 1188 532 λέγει
1208 446 1243 512 δὲ

73 541 176 628 ostie
198 550 255 614 καὶ
279 540 332 615 ὅτι
354 541 374 636 ἡ
396 549 458 634 μὲν
481 546 663 638 Κασάνδρα
685 559 726 635 τῇ
745 543 858 635 Ἑλένῃ
881 547 1011 636 γάλαις
1034 552 1139 635 ἐστὶν,
1163 547 1182 619 d
1207 554 1243 619 δὲ

65 648 195 742 Ἑκταιρ
216 652 307 743 dado.
333 648 434 743 αὐτῆς
453 657 489 722 δὲ
509 651 616 741 ὄνομα
636 649 695 742 οὐχ
714 649 909 744 εὑρίσκεται.
934 661 1169 725 καταλείπεται
1193 656 1244 746 δή,

72 779 190 849 φησιν,
223 756 382 849 ὃριστικῷ
414 759 504 849 λόγῳ
537 756 687 847 ἀδελφοῦ
718 760 811 851 γυνή.
854 765 891 830 cf.
920 766 1008 831 Eust.
1035 790 1065 850 p.
1094 767 1173 843 648,
1201 767 1243 830 26

72 869 126 956 (fr.
147 871 234 956 100.)
264 871 362 956 δηλοῖ
387 870 423 936 δὲ
451 865 471 957 ἡ
499 871 560 955 μὲν
588 867 716 956 perag
748 862 810 958 τὴν
838 878 900 936 τοῦ
928 863 1051 957 ἀνδρὸς
1083 864 1244 958 ἀδελφὴν,

72 967 166 1042 καθὰ
195 977 252 1041 καὶ
280 968 427 1060 ἀλλαχοῦ
456 977 629 1063 δηλοῦται,
658 969 761 1043 ὁποία
785 976 854 1042 ἐστὶ
878 983 918 1061 τῇ
936 970 1049 1061 Ἑλένῃ
1072 969 1244 1064 ἧΚασάν-

73 1083 146 1167 δρα.
170 1073 255 1148 κατὰ
280 1083 315 1147 δὲ
339 1082 458 1148 Αἴλιον
482 1080 660 1149 Διονύσιον
683 1084 740 1148 καὶ
762 1075 824 1169 τὴν
842 1091 904 1149 τοῦ
924 1075 1074 1166 ἀδελφοῦ
1091 1096 1242 1168 γυναῖκα.

71 1180 160 1274 πρὸς
192 1179 336 1275 ἀλλήλας
362 1185 440 1275 γάρ,
472 1206 567 1275 φησι,
599 1189 763 1273 λέγονται.
811 1190 920 1255 Aelius
947 1191 1046 1274 igitur
1074 1191 1244 1275 Dionysius

71 1296 175 1378 primo
203 1296 331 1378 quidem
358 1296 603 1380 Aristophanem
631 1297 785 1380 sequitur,
819 1303 855 1362 ut
883 1298 974 1362 dccet
1002 1297 1179 1381 exemplum
1206 1319 1245 1362 ex

72 1401 212 1466 Homero
231 1401 449 1486 depromptum
464 1403 564 1490 (quod
583 1424 622 1468 ex
639 1424 727 1468 more
746 1401 783 1467 fit
797 1403 1005 1487 Aristophani
1019 1403 1056 1469 cf.
1072 1403 1244 1469 NabPrcl.

70 1531 103 1592 p.
123 1506 204 1595 74.):
228 1508 342 1574 deiude
361 1530 435 1574 vero
454 1510 521 1574 eius
540 1510 718 1574 doctrinam
736 1510 861 1594 supplet
880 1515 913 1575 et
931 1516 1035 1594 auget.
1067 1509 1245 1576 Nauckium

72 1614 185 1697 igitur,
212 1615 268 1698 qui
290 1613 358 1680 Ael.
381 1615 473 1681 Dion.
497 1615 720 1701 Aristophanis
743 1617 921 1682 doctrinam
948 1618 1110 1699 ignorasse
1138 1622 1245 1682 censet

72 1743 103 1805 p.
125 1721 198 1798 136,
221 1741 284 1786 non
309 1721 483 1805 sequimur:
507 1722 652 1806 intellegi
675 1723 758 1788 enim
782 1744 843 1788 non
868 1728 981 1806 potest,
1005 1745 1061 1788 cur
1084 1722 1246 1788 Casandro

71 1822 185 1912 γάλαις
206 1827 247 1892 ab
271 1827 392 1894 Helena
414 1829 519 1895 vocari
537 1830 687 1912 potuerit,
710 1829 794 1894 idem
813 1829 917 1895 facere
936 1830 1006 1912 ipsa
1023 1831 1121 1896 vetita
1138 1829 1244 1895 fuerit.

162 1933 284 2000 Eodem
297 1935 331 2000 in
347 1933 523 2019 fragmento
538 1935 732 2020 Dionysiano
748 1935 843 2001 duae
862 1937 945 2001 aliae
958 1957 1049 2002 voces
1069 1942 1245 2012 occurrunt,

73 2062 153 2124 quas
176 2039 383 2125 Aristophani
406 2040 592 2107 tribuendas
616 2063 683 2107 esse
707 2042 826 2108 Nauck.
849 2065 879 2126 p.
902 2043 973 2108 136.
994 2047 1026 2107 et
1048 2042 1090 2108 ib.
1109 2049 1173 2108 not.
1193 2043 1244 2107 21.

73 2153 160 2212 recte
183 2153 305 2212 censet:
335 2143 546 2234 εἰνάτειρῑ)
570 2139 631 2233 τὴν
655 2144 853 2232 σύνννμφον
878 2149 987 2234 δηλοῖ,
1012 2140 1114 2214 ὁποία
1133 2141 1245 2234 Ἑλένη

72 2261 115 2337 τῇ
132 2245 343 2340 Ἀνδρομάχῃ.
389 2254 452 2319 Res
475 2253 619 2319 firmatur
643 2276 681 2319 ex
704 2255 799 2320 Arist.
822 2255 896 2338 Byr.
914 2255 983 2338 ipso
1006 2276 1055 2338 ap.
1076 2255 1153 2319 Mill
1173 2253 1245 2319 Mel.

73 2383 104 2444 p.
123 2361 199 2438 432,
217 2361 247 2426 4.
265 2357 396 2445 γάλλως
423 2367 464 2444 τῇ
491 2362 624 2446 γυναικὶ
651 2353 671 2447 ἦ
694 2368 757 2426 τοῦ
784 2352 907 2446 ἀνδρὸς
930 2352 1067 2447 ἀδελφὴ.
1102 2352 1184 2447 δαὴρ
1209 2360 1245 2425 δὲ

74 2458 93 2532 d
117 2474 180 2532 τοῦ
203 2459 326 2553 ἀνδρὸς
349 2461 504 2550 α’δελφός.
530 2467 695 2554 εἰνατέρες
715 2467 750 2533 δὲ
770 2465 804 2532 αἱ
822 2473 886 2534 νῦν
903 2459 995 2554 παρὰ
1017 2473 1059 2551 τῇ
1083 2468 1246 2555 συνηθείᾳ

75 2569 273 2658 σύννυμφοι.
321 2573 399 2639 Cum
427 2575 489 2639 hcc
512 2595 549 2639 ex
572 2575 641 2639 loco
666 2579 810 2658 apertum
833 2576 888 2651 sit,
910 2573 1037 2639 Aelium
1060 2574 1246 2657 Dionysium

55 2679 297 2763 'Aristophanis
320 2682 454 2765 vestigia
475 2701 628 2765 premere,
652 2681 737 2745 idem
760 2680 829 2744 fieri
852 2679 931 2746 mihi
950 2681 1101 2746 concedes
1120 2681 1152 2744 in
1171 2700 1246 2745 voce

74 2779 195 2852 αἷέλιοι·
232 2779 318 2852 κατὰ
355 2778 435 2864 τοὺς
471 2782 636 2865 παλαιοὺς
668 2785 702 2852 αἱ
735 2779 882 2869 ἀδελφὰς
914 2798 1073 2871 γυναῖκας
1106 2783 1246 2870 ἔχοντες.

74 2893 211 2958 Etiamsi
238 2892 361 2959 Atheus
389 2901 421 2960 ct
448 2900 553 2959 cetera
580 2901 728 2979 excerpta
755 2899 874 2970 tacent,
902 2895 952 2958 vel
979 2893 1052 2958 inde
1080 2893 1246 2977 probabile

76 3005 134 3075 est,
152 2999 276 3064 Aelium
296 3022 353 3066 sua
371 3000 487 3066 debere
505 3000 718 3084 Aristophani,
737 3002 823 3084 quod
841 3001 946 3084 glossa
964 3001 1019 3065 illa
1038 3001 1085 3064 ita
1103 3021 1142 3064 ex
1160 3020 1246 3065 more

75 3105 238 3170 Eustachii
261 3128 331 3171 cum
355 3108 468 3173 ceteris
492 3108 693 3192 Dionysianis
717 3108 886 3173 coniuncta
908 3111 1049 3190 apparet,
1072 3111 1108 3170 ut
1131 3106 1171 3171 de
1194 3127 1246 3170 ea-

75 3212 149 3277 dem
172 3213 294 3297 origine
316 3234 427 3278 vocum
449 3214 786 3298 propinquissimarum
810 3213 957 3279 dubitare
979 3234 1179 3296 nequeamus.
1205 3250 1246 3260 -

167 3408 187 3475 ¹)
205 3432 240 3452 =
258 3407 347 3462 Schol.
362 3407 508 3477 Lipsiense
527 3408 563 3462 ad
582 3409 606 3460 Z
621 3409 681 3462 378.
702 3407 808 3462 Nauck.
827 3408 845 3462 l.
863 3408 882 3462 l.
900 3411 957 3462 not.
970 3409 1013 3462 21.
1033 3407 1158 3462 scholion
1176 3406 1247 3460 illud

75 3497 124 3562 (id.
137 3495 167 3550 in
186 3495 369 3566 Townleyano
387 3495 498 3550 nomine
512 3495 588 3550 Aelii
600 3496 680 3551 Dion.
695 3497 806 3565 omisso)
824 3497 865 3551 ita
884 3497 994 3551 scribit:
1014 3484 1047 3558 dc
1066 3490 1248 3563 συννύμφους

76 3585 150 3654 φασί
168 3602 250 3649 τινες.
284 3587 379 3640 Falso:
400 3601 462 3639 cum
480 3587 555 3654 apud
574 3585 653 3640 illum
672 3586 850 3640 scholiastsm
868 3591 946 3640 recte
965 3587 1093 3653 legantur
1111 3576 1145 3647 ἃς
1164 3579 1247 3650 συνή-

77 3677 139 3738 θως
151 3673 224 3742 φασί
233 3691 308 3738 τινες
319 3669 523 3743 ἀνδραδέλφας.
538 3704 571 3713 -
585 3673 696 3729 Scholia
709 3673 868 3744 Lipsiensis
887 3690 922 3728 ex
934 3673 1081 3728 Eustathio
1100 3671 1247 3735 fluxerunt,

76 3778 168 3832 neque
181 3779 251 3818 nove
264 3762 415 3827 continent,
429 3778 500 3831 quae
514 3763 550 3817 ad
563 3762 749 3818 atticistarum
762 3763 916 3819 doctrinam
929 3763 1084 3831 augendam
1098 3760 1168 3815 utile
1181 3760 1248 3829 qnid

77 3851 214 3907 adierant.
242 3852 390 3921 Apparcnt
400 3850 513 3907 nomine
525 3851 588 3906 Ael.
604 3851 682 3906 Dion.
696 3853 733 3906 ad
746 3869 761 3906 ε
773 3853 834 3918 504,
854 3853 869 3918 ζ
887 3853 949 3917 378,
969 3869 987 3903 κ
1000 3851 1062 3917 334,
1082 3851 1198 3904 Pausen.
1212 3851 1249 3903 ad

78 3958 92 3996 ε
111 3941 171 3996 726.
195 3958 213 3994 κ
237 3941 279 3995 23.
299 3959 318 3994 κ
336 3941 396 3997 357.
434 3941 479 3994 An
502 3939 609 3995 scholia
632 3940 679 4010 (ed
703 3959 721 3994 α
745 3942 804 3995 607.
823 3928 856 3994 τό
875 3930 930 4009 ἧχι
952 3941 1039 4008 χωρὶς
1062 3941 1113 3992 τοῦ
1136 3933 1249 3992 κελεύει

78 4023 201 4100 γράφειν
220 4024 375 4095 Διονύσιος,
395 4031 444 4084 καὶ
464 4029 654 4099 παρατίθεται
672 4024 739 4092 τοὺς
759 4029 877 4098 Δωριεῖς
899 4027 1035 4097 λέγοντας
1053 4017 1110 4096 ἇχι
1129 4027 1198 4096 (cad.
1218 4027 1248 4080 in

78 4117 263 4188 Tcwnleyuno
274 4118 385 4173 nomine
399 4117 519 4174 auctoris
532 4118 644 4188 omisso)
657 4122 686 4172 et
698 4118 734 4172 ad
748 4135 763 4171 0
777 4118 836 4172 635.
851 4109 1067 4186 ὁμοστιχάει.
1088 4110 1248 4186 συμπορεύ-

79 4223 148 4260 εται.
168 4201 317 4278 βάρβαρον
329 4205 360 4262 δὲ
374 4201 447 4261 εἶναί
459 4222 546 4276 φησιν
561 4203 631 4264 αὐτὸ
645 4201 811 4274 Διονύσιος),
827 4207 862 4262 ad
876 4206 1028 4262 atticistam
1043 4208 1179 4276 spectent,
1199 4205 1247 4260 du-

79 4295 144 4352 bito.
182 4297 215 4351 ln
232 4296 333 4353 lexicis
350 4297 392 4352 nil
410 4295 501 4352 simile
520 4300 571 4352 est.
