3000 5040
801 253 865 321 224

246 407 337 500 παρὰ
363 415 546 500 Θεοκρίτςο,
569 415 625 479 καὶ
648 405 687 480 τὸ
711 406 800 499 ψὸί)
823 407 1033 499 ποιμενικὸν,
1055 415 1114 479 καὶ
1135 405 1176 480 τὸ
1195 406 1258 503 βῆ,
1280 416 1364 501 περὶ
1382 401 1424 479 ot‘

247 514 392 605 ἀλλαχοῦ
416 521 588 607 δηλοῦται,
616 523 672 586 καί
700 513 740 586 τὸ
762 517 880 607 χύρρε
909 512 1104 602 συβοτικὸν,
1130 512 1178 599 ὡς
1205 519 1243 588 ἐν
1270 532 1346 600 τοῖς
1378 519 1425 599 είς

246 622 433 694 Ὀδύσσειαν
452 623 645 714 δεδήλωται,
668 629 725 692 καὶ
748 619 788 693 τὸ
812 629 967 716 φίτταθ)
987 623 1176 715 δηλωτικόν
1195 644 1280 711 φασι
1296 623 1424 712 τάχους

312 758 321 787 ι

219 729 331 898 ⁵⁰30h
538 825 660 906 ,φίττα
683 819 861 903 Μαλιάδες,
885 826 987 905 φίττα
1009 820 1114 909 ῥοαίίί.

245 954 388 1031 νυμφῶν
417 947 455 1012 δέ
482 965 564 1030 φασι
590 953 697 1012 ταῦτα
725 945 925 1032 ἐπωνυμίαι·
968 945 1016 1013 ἔτι
1049 948 1086 1013 δὲ
1118 949 1176 1014 καί
1202 940 1244 1014 τὸ
1274 948 1423 1035 σίττεθ)

246 1049 320 1119 οίον
343 1046 452 1134 ,,σίττ’
476 1046 639 1138 άμνίδεςίί.

335 1161 409 1227 338.
441 1161 614 1227 Eustuth.
633 1183 662 1245 p.
684 1161 783 1238 1494,
803 1162 853 1225 64.
887 1154 906 1226 ὃ
933 1160 1049 1246 μέντοι
1076 1154 1208 1245 άβαξῑ)
1236 1152 1423 1242 ἀνάπαλιν,

246 1261 292 1344 ὡς
311 1265 347 1332 ἐν
371 1263 570 1352 ῥητορικῷ
592 1278 699 1332 κεῖται
717 1271 860 1352 λεξικῷ
883 1259 946 1333 τὸν
965 1261 1092 1334 ἄλαλον
1116 1269 1213 1355 δηλοῖ
1233 1269 1294 1334 καὶ
1316 1259 1423 1334 α’σύν-

206 1401 232 1440 ιο
247 1397 324 1440 ετον
352 1375 408 1437 καὶ
436 1367 589 1458 ἄπειρον,
616 1366 708 1458 παρὰ
735 1365 775 1439 τὸ
798 1364 843 1459 μη
865 1369 988 1456 βάζειν.
1031 1374 1128 1460 δηλοῖ
1148 1373 1200 1454 δέ,
1227 1389 1341 1457 φασι,
1365 1375 1424 1438 καὶ

247 1481 398 1547 σανίδιον
422 1472 440 1545 ὁ
461 1474 602 1564 άβαξ8),
627 1473 713 1545 ὅθεν
731 1471 916 1560 ἀβάκιον,
940 1472 996 1562 ἐφ’
1016 1469 1057 1546 οὗ
1075 1481 1290 1567 ψηφίςοοσιν.
1316 1480 1424 1567 δῆλον

247 1586 282 1652 δὲ
306 1577 358 1653 ὅτι
382 1577 445 1652 οὐκ
469 1578 511 1651 ἂν
532 1581 645 1672 χρῄζοι
664 1594 721 1672 τῆς
739 1585 860 1668 λε’ξεοος
878 1593 941 1652 τοῦ
964 1578 1128 1667 οἷβακεῑν
1147 1579 1167 1653 ὃ
1185 1583 1424 1673 καταλογάδην

245 1716 394 1779 χραςοοιν.

335 1801 408 1865 339.
448 1801 619 1866 Eustath.
643 1823 672 1884 p.
698 1800 776 1878 789,
801 1801 852 1866 51.
891 1799 928 1866 ἐν
962 1800 997 1866 δὲ
1028 1805 1184 1886 παλαιῷ
1211 1823 1293 1866 τινι
1319 1792 1423 1866 κατὰ

207 1930 232 1970 ιι
247 1918 447 1990 στοιχεῖον
471 1912 614 1990 λεξικῷ
636 1902 799 1991 γράφεται
825 1897 946 1984 οῧτοος·
980 1898 1240 1992 άβρόταξιςῐ)
1265 1898 1424 1993 ἁμαρτία,

247 2009 496 2099 [διαμφόδησις]
512 2014 568 2077 καὶ
583 2006 905 2099 άβροτάξομενί)
926 2006 1159 2100 ἁμαρτήσομεν
1174 2003 1341 2100 ἀλλήλων.
1366 2015 1424 2080 καὶ

247 2111 309 2203 ὅρα
336 2110 376 2184 τὸ
407 2120 710 2205 διαμςοοδῆσαιὸ)
739 2111 831 2204 παρά
859 2130 930 2197 τοϊς
956 2124 1119 2198 παλαιοῖς.
1163 2111 1239 2184 άντὶ
1266 2127 1330 2186 τοῦ
1355 2109 1424 2186 ὦδε

246 2227 303 2291 καὶ
336 2223 405 2290 ἐκεῖ
434 2226 710 2310 παρατρέπεσθαι
743 2227 799 2290 καί
831 2218 1011 2312 άστοχῆσαι
1043 2234 1101 2312 τῆς
1129 2219 1235 2312 ὀρθῆς
1262 2217 1424 2310 άμφόδου

247 2335 303 2417 (=
328 2332 431 2398 Cram.
450 2333 568 2398 Anoud.
586 2334 657 2397 Par.
676 2331 733 2397 III.
753 2332 842 2417 373).

207 2461 234 2501 ro
336 2439 410 2504 340.
443 2439 615 2504 Eustuth.
634 2462 663 2523 p.
684 2440 758 2514 200,
781 2442 807 2505 1.
841 2437 878 2505 ἐν
901 2438 937 2503 δὲ
961 2435 1160 2526 ῥητορικῷ
1182 2435 1423 2525 λεξικῷγρά-

247 2567 347 2627 φεται
360 2551 478 2611 ταῦτα·
502 2537 652 2630 άχανὸν
663 2547 703 2631 1)·
722 2537 762 2610 τὸ
778 2537 885 2611 καλὸν
903 2545 960 2610 καί
977 2537 1041 2632 ἡδὺ
1059 2546 1116 2610 καί
1134 2544 1310 2631 προσηνές.
1335 2545 1424 2613 ποτὲ

337 2779 357 2839 ἵ)
376 2777 416 2832 cf.
435 2778 514 2832 Phot.
534 2777 578 2831 Et.
599 2777 637 2832 M.
656 2776 717 2844 405,
737 2778 780 2832 32.
799 2776 901 2832 Herod.
921 2778 957 2832 11.
976 2793 1004 2848 p.
1023 2777 1084 2842 951,
1103 2777 1146 2832 25.

337 2868 358 2933 ⁸)
376 2866 483 2920 Eadem
501 2864 627 2920 doctrino.
645 2882 671 2934 p.
692 2866 770 2933 1963,
783 2867 826 2920 40.
847 2865 886 2920 ef.
906 2865 975 2920 Poll.
994 2864 1043 2920 IX.
1063 2865 1123 2920 127.
1142 2863 1214 2920 Mill.
1232 2863 1299 2920 Mol.
1318 2880 1346 2934 p.
1359 2865 1423 2921 436.

248 2957 341 3023 pirro.
361 2950 395 3008 τὸ
413 2949 484 3023 ταχὺ
504 2954 635 3022 σημαίνει
654 2957 698 3020 (ox
717 2953 866 3023 Suetonio).
892 2954 979 3022 ψίττα
998 2954 1093 3009 Miller
1111 2953 1182 3008 falso
1201 2951 1330 3008 coniecit.

337 3043 357 3112 9)
377 3043 458 3097 σίττα
477 3042 681 3111 corrigendum,
701 3042 736 3098 cf.
756 3042 846 3097 Schol.
866 3043 982 3097 Theoor.
1001 3042 1047 3096 IV.
1067 3043 1110 3097 45.
1128 3041 1161 3099 V.
1180 3042 1206 3097 3.

292 3132 352 3188 338.
375 3134 394 3196 ²)
413 3131 453 3186 cf.
473 3131 539 3186 Hos.
559 3147 579 3184 ε.
600 3148 623 3185 v.
643 3126 814 3201 άβακήμων,
838 3125 963 3202 ἄβάκην,
987 3122 1070 3202 ἄβαξ.
1098 3131 1130 3186 Β.
1148 3131 1182 3185 Α.
1201 3130 1267 3197 323,
1286 3133 1312 3186 3.
1331 3131 1357 3186 5.
1376 3130 1422 3186 Et.

247 3221 284 3274 M.
305 3221 335 3284 2,
356 3220 379 3272 1.
398 3248 434 3258 -
452 3220 498 3273 Ad
516 3219 590 3273 idem
609 3219 720 3274 lexicon
740 3235 833 3274 vocem
857 3216 1001 3290 οἷβακῆσαι
1023 3218 1128 3287 refero,
1152 3217 1187 3274 of.
1206 3220 1238 3273 Β.
1257 3219 1291 3274 Α.
1310 3219 1378 3289 323,
1398 3221 1423 3276 6.

249 3308 288 3363 Cf.
304 3308 349 3361 Et.
362 3308 400 3362 M.
420 3307 445 3368 2,
460 3308 495 3361 32
514 3308 596 3376 (quod
614 3324 629 3362 o
649 3309 703 3362 lex.
716 3309 788 3362 rhet.
802 3309 914 3376 prodiit,
934 3307 969 3362 of.
987 3308 1112 3378 Heyden.
1131 3324 1158 3377 p.
1170 3307 1242 3374 231),
1260 3306 1337 3363 8010
1353 3308 1423 3363 Lex.

248 3401 311 3465 pout
333 3395 448 3451 Philum.
473 3395 576 3451 Osanni
599 3415 626 3466 p.
646 3398 707 3451 223.
731 3397 861 3465 (Varinus
885 3397 997 3452 Cumero
1020 3396 1050 3450 in
1073 3396 1139 3451 Aldi
1163 3395 1314 3465 Cornucop.
1337 3411 1366 3465 p.
1387 3397 1425 3464 1.)

338 3484 359 3554 ²)
378 3483 571 3539 Differentiam
591 3502 687 3540 vocum
706 3485 867 3540 dubitanter
890 3485 985 3552 attuli;
1004 3485 1123 3539 recurrit
1141 3501 1185 3554 ap.
1203 3484 1330 3539 Ammon.
1351 3501 1379 3554 p.
1399 3486 1424 3540 1.

248 3573 346 3629 Vulok.
366 3579 410 3640 (=
429 3575 566 3629 Ptolem.
587 3591 615 3628 π.
630 3575 705 3644 drap.
723 3572 780 3640 λέξ.
800 3573 830 3628 in
848 3574 942 3628 Herm.
958 3574 1048 3630 XXII.
1067 3576 1138 3639 392).
1157 3573 1285 3629 Euututh.
1300 3588 1328 3642 p.
1342 3573 1424 3641 1397,

247 3664 283 3718 42
301 3663 359 3732 (qui
378 3664 414 3717 ud
432 3663 477 3717 Et.
497 3664 535 3717 M.
554 3668 687 3732 provocat
705 3681 732 3732 p.
752 3663 835 3733 2,1.).
856 3663 896 3717 cf.
916 3663 947 3716 Β.
967 3665 1001 3718 A.
1020 3663 1082 3727 323,
1095 3664 1121 3718 8.
1141 3663 1244 3731 17,18.
1263 3660 1340 3717 snio.
1360 3677 1384 3717 s.
1399 3649 1424 3715 u.

249 3744 342 3823 ἄβαξι,
363 3753 430 3806 Poll.
450 3753 496 3807 VI.
515 3753 559 3819 86,
579 3754 621 3808 90.
641 3752 768 3821 Apollon.
787 3753 841 3806 lex.
861 3752 932 3806 hom.
951 3768 978 3820 p.
997 3753 1023 3818 2,
1043 3754 1085 3807 16.
1104 3752 1192 3807 Bokk.

291 3843 353 3897 339.
376 3841 396 3911 ¹)
416 3841 497 3896 Gonu.
520 3841 586 3896 Heu.

338 3931 359 4000 8)
379 3930 459 3985 Conv.
479 3930 544 3984 Hes.
565 3931 610 3999 (=
629 3928 755 3998 Apollon.
780 3928 834 3983 lux.
854 3929 926 3984 hom.
950 3946 977 3999 p.
997 3931 1027 3998 3,
1048 3931 1086 3997 1),
1111 3929 1155 3983 Et.
1175 3928 1213 3984 M.
1233 3928 1263 3997 4,
1281 3928 1326 3984 35.
1351 3927 1424 3984 Gur.

248 4019 273 4083 2,
294 4020 317 4072 1.
338 4018 363 4073 8.
382 4018 474 4073 Orion.
496 4020 537 4085 13,
558 4019 582 4072 9.
603 4018 642 4073 Cf.
662 4017 790 4072 Eustath.
812 4035 838 4087 p.
858 4020 975 4088 548,14.
996 4017 1085 4074 Schol.
1101 4019 1169 4074 Von.
1184 4018 1214 4071 K
1225 4018 1267 4072 65.
1286 4015 1363 4073 Suin.
1377 4016 1425 4072 Et.

249 4106 319 4162 Gud.
340 4109 363 4172 1,
384 4109 425 4162 19.
446 4108 490 4162 Or.
511 4110 552 4174 19,
573 4110 607 4163 28
626 4112 669 4173 (=
689 4108 804 4163 Philon.
825 4110 867 4164 ed.
888 4108 980 4163 Osann
999 4125 1024 4176 p.
1045 4108 1106 4173 223,
1125 4109 1160 4172 2).

339 4195 360 4262 ³)
379 4197 548 4251 Dubitanter
567 4199 660 4251 attuli:
686 4214 793 4263 vocem,
813 4199 868 4251 nisi
887 4197 960 4266 apud
979 4195 1069 4264 Apoll.
1089 4194 1107 4248 l.
1127 4195 1155 4257 1.,
1174 4209 1308 4263 nusquam
1326 4208 1425 4250 recur-

250 4298 311 4336 rere
331 4284 396 4336 vidi.

294 4370 354 4424 340.
377 4372 396 4438 1)
417 4370 457 4425 uf.
472 4371 556 4440 Suid„
570 4373 617 4441 qui
630 4373 739 4428 inversu
754 4372 850 4428 ordino
865 4372 962 4428 eudem
976 4370 1035 4427 fere
1052 4372 1140 4428 tradit
1158 4378 1187 4428 ot
1204 4372 1265 4442 ipso
1284 4372 1322 4428 ud
1336 4371 1426 4429 ulium
