3000 5040
738 197 778 262 79

171 355 482 442 comprehenduntur
504 377 606 440 neque
629 358 756 423 omnino
779 359 904 441 neglegi
926 358 1113 424 debuerunt.
1150 359 1216 425 Eae
1233 362 1342 446 impri-

170 466 233 530 mis
256 465 392 547 glossae,
416 483 494 547 quas
516 462 738 528 Bachmannus
761 465 912 530 asterisco
934 465 1149 548 insigniverat,
1172 470 1248 551 quia
1268 491 1341 536 nus·

171 592 269 654 quam
291 571 426 635 redeunt
448 570 495 654 (et
518 571 602 654 quod
624 571 793 654 praecipue
812 573 844 635 in
864 570 962 635 Suida
984 572 1063 637 alias
1085 573 1180 656 plane
1203 596 1342 659 congruo

171 677 418 762 desiderantur),
440 677 619 741 accuratius
641 679 828 742 tractandae
851 683 884 741 et
905 678 1124 761 respiciendae
1146 687 1246 746 erant.

262 784 400 863 Quartus
423 789 533 848 auctor
561 782 624 847 fuit
646 783 892 868 Etymologus
915 784 1085 867 Magnus,
1114 786 1218 870 (cuius
1242 784 1340 875 ῥητο-

170 881 269 975 ρικὸν
291 881 426 970 tegendo
448 919 493 945 =
510 889 722 954 atticistarum
746 912 842 973 opera
864 891 960 955 fuisse
978 890 1110 975 Heyden
1128 893 1232 977 Leipz.
1252 893 1341 960 Stud.

170 995 259 1061 VIII.
277 1019 307 1080 p.
329 997 447 1079 173sq.
467 997 708 1081 demonstrarit)
733 1003 766 1061 et
789 996 888 1061 frater
913 998 980 1062 eius
999 998 1246 1082 Etymologus
1266 1001 1341 1066 Gu-

171 1102 315 1167 dianus.
357 1102 466 1186 Neque
489 1123 563 1167 vero
586 1103 620 1167 in
643 1102 790 1167 Gudiano
813 1123 916 1186 neque
938 1104 972 1168 in
995 1103 1121 1169 Orionis
1145 1125 1240 1189 opere
1262 1107 1340 1171 lexi-

171 1228 231 1272 con
258 1208 337 1273 illud
364 1208 557 1274 rhetoricum
584 1207 764 1273 adhibitum
791 1209 865 1274 ridi.
912 1209 988 1274 Ideo
1016 1211 1162 1293 vestigia,
1190 1214 1250 1278 etsi
1277 1234 1340 1278 non

170 1334 300 1397 prorsus
322 1314 449 1390 absunt,
470 1319 578 1379 tamen
600 1315 701 1379 multo
724 1317 827 1380 rarius
851 1315 1065 1380 obversantur.

261 1421 413 1500 Quintum
435 1424 596 1485 auctorem
618 1421 652 1483 in
674 1442 767 1486 usum
785 1420 965 1485 vocabimus
983 1421 1227 1505 Hesychium,
1251 1427 1339 1490 cuius

169 1527 323 1611 inopere
349 1526 548 1610 plurifariam
575 1527 789 1591 atticistarum
813 1527 990 1591 doctrinam
1016 1530 1186 1611 repetitam
1208 1531 1338 1597 videbis.

168 1633 237 1699 Nec
263 1635 386 1698 mirum.
432 1632 559 1699 Nabero
587 1633 671 1698 enim
698 1633 781 1698 Prol.
808 1655 838 1716 p.
868 1634 908 1697 27
938 1631 1112 1698 affirmanti
1143 1636 1340 1702 adsentimur

168 1740 215 1825 (p.
234 1740 301 1826 68.)
324 1740 541 1823 Diogenianea
558 1759 655 1822 opera
673 1738 714 1803 ab
733 1740 882 1805 atticistis
900 1739 1045 1804 adhibita
1064 1762 1140 1819 esse,
1163 1743 1231 1820 etsi,
1255 1745 1339 1828 quod

167 1847 272 1930 primo
296 1845 410 1912 obtutu
433 1846 560 1912 obstare
583 1846 719 1922 videtur,
742 1850 887 1912 auctores
910 1845 977 1911 fere
1001 1847 1140 1913 eiusdem
1163 1849 1227 1913 sint
1249 1855 1338 1915 aeta·

167 1954 221 2018 tis.
253 1953 326 2018 Iure
344 1953 442 2037 igitur
465 1952 669 2029 dubitaveris,
691 1973 733 2016 an
752 1952 793 2016 M.
813 1951 965 2017 Schmidt.
988 1955 1022 2017 in
1045 1953 1166 2018 minore
1188 1954 1339 2040 Hesychii

167 2059 309 2126 editione
340 2080 379 2124 ea
410 2058 601 2142 fragmenta,
634 2079 714 2143 quae
747 2079 817 2122 cum
849 2059 998 2125 atticistis
1026 2060 1120 2142 plane
1148 2063 1339 2146 conspirant,

167 2165 360 2250 Diogeniani
382 2164 698 2248 Periergopenetibus
720 2170 806 2230 recte
828 2165 992 2230 ademerit.

260 2271 374 2338 Cetera
401 2272 507 2355 operis
533 2272 717 2336 adiumenta
744 2291 808 2335 non
830 2272 913 2336 tanti
935 2272 1087 2337 momenti
1110 2277 1197 2336 sunt:
1230 2274 1337 2357 impri-

165 2377 230 2444 mis
254 2379 286 2442 id
308 2378 388 2443 mihi
410 2376 573 2443 fatendum
596 2383 658 2454 est,
686 2377 877 2444 scholiorum
905 2378 1104 2444 collectiones
1127 2399 1190 2443 non
1214 2385 1339 2444 tantum

166 2485 251 2551 lucri
272 2485 455 2569 praebuisse
479 2485 553 2572 (etsi
575 2484 661 2549 haud
681 2485 795 2568 exigua
812 2485 1023 2551 atticistarum
1043 2486 1187 2550 doctrina
1207 2487 1248 2550 ad
1266 2487 1339 2551 illas

165 2591 312 2676 transiit)
336 2597 488 2676 quantum
509 2595 605 2657 antea
628 2612 836 2674 speraveram.

259 2697 446 2782 Saepissime
477 2703 583 2764 autem
616 2698 831 2782 lexicographi
858 2699 1050 2781 posteriores
1077 2719 1144 2762 rem
1170 2700 1218 2763 ite
1244 2699 1336 2764 insti-

165 2810 314 2883 tuerunt,
341 2811 378 2871 ut
405 2825 468 2871 non
496 2806 599 2870 solum
627 2809 830 2888 excerperent
858 2811 890 2870 et
916 2805 1132 2881 decurtarent,
1159 2805 1215 2869 sed
1242 2805 1338 2870 etiam

165 2911 336 2979 verborum
357 2917 501 2977 tenorem
522 2912 728 2976 immutarent
751 2916 783 2975 et
805 2911 1007 2994 corrigerent.
1041 2911 1078 2974 In
1101 2911 1256 2976 addendis
1278 2912 1338 2994 igi·
1441 2918 1445 2925 '

166 3025 222 3086 tur
240 3019 411 3084 lexicorum
429 3024 461 3084 et
480 3017 669 3084 scholiorum
687 3017 765 3084 locis
783 3018 830 3082 ita
848 3023 990 3083 versatus
1008 3039 1086 3097 sum,
1110 3022 1155 3093 ut,
1178 3018 1205 3082 si
1224 3008 1338 3082 αὐτο-

167 3126 272 3206 λεξεὶ
295 3124 507 3190 atticistarum
528 3123 626 3190 verba
648 3129 860 3203 recurrerent,
884 3123 1035 3190 formula:
1069 3144 1169 3189 conv.
1192 3123 1266 3190 Hes.
1288 3124 1337 3188 vel

166 3232 260 3297 Phot.
279 3231 329 3296 vel
347 3232 412 3310 alii,
434 3237 551 3309 uterer,
573 3232 624 3298 sin
646 3237 754 3296 autem
777 3252 901 3296 rerum
924 3232 1057 3314 capita
1078 3231 1337 3295 tautummodo

167 3342 397 3421 repeterentur,
418 3359 521 3420 neque
539 3337 706 3403 verborum
725 3338 803 3402 ordo
821 3357 859 3402 ac
877 3342 968 3402 tenor
991 3341 1132 3402 serratus
1156 3340 1248 3413 esset,
1270 3336 1336 3402 for-

166 3444 267 3522 mula,
294 3443 337 3509 cf.
356 3443 407 3510 Et.
426 3443 468 3509 M.
492 3449 565 3520 etc,
591 3443 886 3528 lexicographorum
914 3444 948 3530 (i.
973 3465 998 3510 e.
1023 3443 1106 3508 Aelii
1133 3442 1278 3526 Dionysii
1306 3447 1338 3506 et

165 3551 359 3637 Pausaniae)
387 3551 515 3634 quidem
543 3551 742 3634 opiniones
769 3551 967 3634 repetivisse,
994 3551 1050 3614 sed
1075 3548 1244 3614 verbovel
1271 3550 1336 3613 sin-

166 3656 242 3741 gula
264 3656 457 3734 immutasse,
479 3657 529 3723 vel
546 3657 699 3722 nonnulla
717 3659 910 3723 contraxisse
928 3657 979 3721 vel
1001 3655 1104 3721 aliena
1127 3654 1271 3720 intulisse
1288 3654 1337 3717 in-

166 3763 315 3830 dicarem.

255 3870 326 3935 Hac
348 3889 444 3954 opera
465 3871 638 3953 proposita,
660 3870 761 3935 lector
783 3868 927 3953 benigne,
951 3869 1020 3933 vale
1042 3867 1189 3951 favoque:
1212 3866 1291 3930 mihi
1309 3867 1336 3932 si

165 3975 227 4042 tibi
249 3997 445 4060 persuasero,
468 3977 680 4043 atticistarum
704 3997 810 4059 opera,
833 3977 894 4042 etsi
916 3995 981 4040 non
1003 3974 1125 4051 summi,
1147 3977 1255 4038 tamen
1278 3973 1336 4038 ali·

165 4085 255 4150 cuius
277 4085 429 4150 momenti
452 4103 520 4148 esse
543 4085 585 4148 ad
608 4083 785 4148 doctrinam
808 4087 841 4147 et
862 4080 1147 4166 lexicographicam
1169 4085 1203 4145 et
1229 4100 1335 4163 gram-

164 4189 315 4256 maticam
338 4190 595 4274 cognoscendam,
618 4194 668 4254 sat
687 4188 755 4254 erit.
788 4189 908 4254 Eorum
927 4211 965 4254 cx
983 4187 1178 4271 fragmentis,
1201 4186 1335 4270 diligen-

164 4301 224 4373 ter,
246 4301 284 4363 ut
306 4318 467 4382 speramus
490 4296 627 4381 quidem,
650 4294 789 4361 collectis
812 4301 844 4361 et
866 4295 1044 4361 inlustratis
1069 4294 1204 4360 fortasse
1226 4298 1337 4376 postca
