3000 5040
728 212 791 277 231

174 370 346 465 σημάνδη,
373 373 462 460 θέμα
490 366 575 463 παρ’
598 368 712 453 ἄλλοις
738 370 968 462 πρωτότυπον
995 365 1036 440 τὸ
1060 379 1204 460 καπρᾶν.
1247 374 1283 457 ἐξ
1305 365 1346 442 οὗ

173 485 232 550 καὶ
253 475 337 571 γονὴ
360 487 525 568 καπρῶσα
548 476 568 570 ἦ
591 478 724 568 μάχλος.

263 591 337 658 361.
371 590 545 657 Eustatit
568 613 598 675 p.
622 591 678 668 73,
696 591 747 655 39.
785 586 833 655 έτι
862 590 973 656 ἰστέον
1001 591 1058 654 καὶ
1086 583 1133 668 ὡς
1161 592 1346 676 διφορεῖται

173 693 357 787 άφενοςΙ)
380 690 465 765 κατά
489 690 528 764 τὸ
552 697 655 783 γένος.
680 700 736 762 καὶ
751 689 891 784 (Όμηρος
913 697 974 782 μὲν
998 691 1183 784 οὐδετέρως
1205 695 1345 785 προάγει

175 800 259 875 αὐτὸ
282 807 391 894 λέγων
1373 807 1386 846 ⁵

493 907 619 998 ἄφενος
642 915 699 978 καὶ
721 918 874 980 πλοῦτον
898 905 1024 996 άφύξει.

172 1016 311 1112 εὕρηται
334 1022 369 1089 δέ
392 1017 484 1108 παρά
507 1037 574 1087 τισι
597 1023 653 1086 καὶ
676 1013 861 1107 ἀρσενικῶς
885 1014 903 1086 5
928 1014 1061 1104 άφενος.
1085 1013 1176 1086 οὕτω
1201 1022 1258 1085 καὶ
1282 1014 1345 1087 ὅσ-

172 1132 278 1218 σοςῖ)
302 1130 357 1196 ἐπὶ
380 1122 562 1213 ὀφθαλμοῦ
586 1125 763 1215 διφόρησιν
787 1124 862 1212 ἔχει,
886 1121 932 1205 οδς
954 1125 1217 1215 προδεδήλωται.
1259 1120 1345 1193 κατά

171 1239 211 1306 δὲ
235 1228 441 1324 Ἡρῳδιανδν
468 1237 526 1300 καὶ
552 1231 747 1323 τάριχοςθ)
777 1231 942 1322 ἑκατέρως
969 1235 1106 1320 λέγεται.
1143 1227 1183 1300 τὸ
1211 1231 1345 1320 τάριχος

169 1338 235 1432 γάρ
259 1346 317 1411 καὶ
339 1336 359 1410 5
387 1339 529 1430 τάριχος.
554 1343 648 1430 φέρει
672 1336 705 1409 δ’
725 1343 852 1421 ἐκεῖνος
873 1345 931 1408 καὶ
951 1339 1082 1430 χρήσεις
1104 1337 1239 1427 άμφοῐν.
1276 1341 1344 1407 Μέ-
1359 1348 1385 1385 ¹⁰

172 1454 320 1540 νανδρος
343 1451 396 1540 (fr.
418 1452 490 1516 178.
509 1451 621 1538 Kook.)
667 1527 670 1532 .

476 1557 628 1625 ἐπέπασα
652 1558 707 1624 ἐπὶ
730 1550 770 1624 τὸ
793 1554 926 1645 τάριχος
949 1549 1030 1636 άλας

172 1669 391 1755 Φιλιππίδης·
415 1666 468 1755 (fr.
487 1667 538 1732 34.
557 1665 670 1754 Kook.)

473 1766 596 1861 τυροὺς
618 1775 675 1838 καὶ
697 1774 852 1860 ταρίχους

161 1875 403 1970 Ἀριστοφάνης
425 1882 478 1971 (fr.
499 1883 573 1948 630.
593 1883 705 1969 Kook.)

476 1989 533 2056 ἐπὶ
554 1995 604 2075 τῷ
626 1990 751 2075 ταρίχει
774 1979 835 2054 τδν
858 1987 988 2072 γέλωτα
1011 1987 1200 2072 κατέδομαι.

167 2089 191 2164 5
217 2089 332 2176 αὐτὸς·
356 2097 411 2185 (fr.
431 2097 505 2163 220.
524 2097 637 2182 Koek.)

472 2199 610 2289 τάριχον
631 2211 756 2270 τοῦτον
778 2199 907 2269 πλύνω.

168 2313 275 2400 δῆλον
303 2312 339 2379 δὲ
367 2303 413 2390 ὡς
440 2302 531 2378 οὕτω
559 2313 616 2377 καὶ
648 2305 667 2377 5
698 2307 876 2399 σκότοςθ)
904 2311 1041 2396 φέρεται
1068 2312 1125 2376 καὶ
1152 2303 1192 2377 τδ
1222 2307 1342 2388 σκότος

168 2422 245 2506 [καὶ
272 2412 312 2486 τὸ
342 2413 534 2505 ὄνειδοςέ)
563 2421 621 2484 καὶ
649 2411 667 2485 5
696 2413 835 2498 ὄνειδος.
877 2421 935 2484 καὶ
961 2410 1001 2484 τὸ
1026 2419 1193 2506 χρεῖοςῧ)
1223 2412 1383 2505 [ἤγουν20

164 2527 281 2614 χρέος]
304 2528 363 2592 καὶ
385 2517 404 2593 5
426 2539 537 2612 χρεῖος
558 2518 650 2612 παρὰ
672 2527 799 2593 Φίλωνι
823 2527 999 2614 (Herennio
1018 2525 1189 2613 Philonii),
1213 2518 1299 2594 ὅθεν
1322 2518 1341 2594 5

169 2831 238 2887 neei
256 2831 349 2887 verbis
367 2832 433 2887 inde
451 2847 468 2886 a
487 2831 599 2887 vocibus
616 2834 717 2902 χρῆσις
735 2830 774 2896 δέ,
795 2849 873 2902 φασι,
893 2835 953 2886 κτλ.
973 2834 1008 2888 eb
1033 2833 1163 2902 episeopo
1186 2835 1227 2889 ite
1246 2839 1340 2889 conte-

169 2920 278 2977 minete
300 2937 361 2977 eree
385 2921 507 2988 videtur,
530 2928 561 2976 ut
584 2925 730 2991 utrumque
753 2923 843 2978 locum
861 2923 1001 2992 poeticum
1020 2939 1055 2978 ex
1074 2923 1239 2979 Naucratite
1258 2926 1339 2978 desu-

169 3015 273 3078 meret,
293 3011 395 3065 deinde
413 3027 478 3066 vero
497 3011 533 3066 ed
551 3011 605 3065 lex.
624 3013 710 3080 rhet,
736 3013 807 3081 quod
827 3016 891 3067 ente
911 3013 1064 3082 evolverat,
1083 3018 1285 3082 reverteretur,
1310 3018 1341 3068 ut

170 3095 356 3174 καπρῴζεται
374 3100 449 3155 vocis
467 3099 513 3169 (ef.
533 3100 566 3154 fr.
586 3103 646 3157 220.
666 3118 689 3156 ο.
708 3107 774 3168 not.)
794 3102 1009 3172 explicationem
1027 3103 1179 3173 adiungere
1197 3108 1299 3173 posset.

214 3191 276 3246 361.
294 3191 316 3258 ¹)
335 3191 420 3260 Quem
444 3191 534 3244 locum
559 3206 593 3245 ex
616 3197 696 3259 perte
720 3191 852 3247 ettioietis
873 3193 970 3248 deberi
988 3199 1063 3263 puto.
1093 3193 1341 3249 01140132.-

170 3272 278 3349 ἄφενος
295 3278 330 3335 of.
350 3280 484 3346 1302,17.
506 3280 614 3348 1387,8
632 3281 680 3336 ubi
700 3298 751 3336 vox
769 3282 919 3337 intercedit
937 3282 1012 3338 inter
1029 3283 1062 3338 fr.
1076 3283 1131 3338 lex.
1145 3283 1216 3338 rhet.
1231 3276 1340 3355 ἁθρόος

170 3385 214 3425 no.
233 3369 287 3425 343
307 3375 335 3424 et
353 3368 387 3424 ir.
406 3371 467 3425 218.
492 3367 765 3439 καθημαξενμένως,
791 3372 824 3427 ef.
849 3372 923 3429 Suid.
947 3374 1013 3429 Hes.
1039 3374 1083 3428 Et.
1103 3375 1140 3428 Μ.
1161 3376 1226 3439 178,
1246 3377 1270 3428 5.
1294 3374 1340 3429 nt.

170 3458 241 3514 Gud.
260 3459 304 3521 95,
322 3459 365 3514 53.

264 3548 285 3613 ²)
304 3547 347 3602 Ex
365 3550 419 3603 lex.
438 3550 541 3605 rhetor.
561 3551 687 3620 petitum,
707 3550 742 3604 cf.
761 3551 795 3605 ir.
815 3544 921 3617 ὅσσος
940 3557 968 3608 et
985 3557 1064 3607 notae
1083 3553 1123 3607 ibi
1142 3557 1293 3622 congestae.

260 3635 283 3704 ⁸)
303 3636 342 3691 Cf.
357 3636 391 3692 fr.
405 3639 466 3693 217.
479 3645 535 3694 not.
549 3641 591 3694 18.
606 3646 634 3694 et
649 3645 704 3697 not.
718 3643 762 3696 30.
780 3643 824 3696 31.
839 3641 964 3712 Utraque
982 3642 1073 3712 glossa
1093 3658 1127 3696 ex
1146 3642 1245 3697 Aelio
1263 3642 1338 3697 Dio·

169 3725 267 3797 nysio
285 3726 397 3796 prodiit.
436 3727 476 3782 ef.
495 3731 598 3783 Athen.
618 3729 666 3784 III.
688 3731 776 3785 119Β.

259 3817 282 3884 ⁴)
301 3814 342 3870 of.
357 3815 434 3871 Eust.
454 3817 515 3887 453,
536 3819 577 3873 15.
597 3820 657 3884 953,
677 3821 718 3875 51.
739 3819 796 3886 (ubi
815 3820 909 3875 stetim
928 3820 1053 3890 sequitur
1072 3821 1105 3875 fr.
1125 3817 1240 3888 σκότος)
1261 3823 1337 3889 1632,

169 3906 213 3960 17.
231 3904 291 3973 (ubi
309 3905 344 3960 de
364 3897 470 3974 άφενος
489 3912 518 3962 et
537 3901 616 3972 έλεος
634 3909 735 3979 egitur)
754 3909 799 3964 Et.
818 3911 855 3963 M.
875 3911 935 3978 626,
957 3912 997 3966 15.
1015 3911 1059 3966 37.

258 3993 281 4064 ⁶)
298 3995 343 4050 An
368 3997 515 4065 sequentia
538 3998 670 4054 ettioistie
698 3999 853 4054 debeantur
876 4000 988 4054 dubium
1012 4006 1066 4066 est,
1095 4017 1155 4055 eum
1179 4001 1338 4056 testimonie

167 4083 426 4156 lexicographorum
440 4087 540 4142 desint.
564 4089 609 4142 Ad
622 4089 700 4157 νείκη
714 4088 748 4144 ef.
762 4089 839 4144 Eust.
855 4090 931 4157 1410,
946 4092 987 4145 17.
1005 4098 1101 4160 χρεῖος
1113 4090 1230 4146 fortasse
1244 4090 1337 4147 ediec-

168 4173 227 4230 tivo
251 4190 334 4231 sensu
356 4176 551 4246 accipiendum
569 4183 624 4244 est,
650 4178 683 4233 ef.
704 4179 790 4234 Moer.
810 4181 876 4244 213,
896 4180 937 4234 15.
958 4175 1116 4250 -βλάβος
1140 4179 1174 4235 ef.
1194 4181 1269 4236 Suid.
1289 4184 1337 4236 Ar.

166 4264 238 4320 Ren.
259 4265 337 4322 1151.
357 4295 390 4306 -
409 4267 506 4338 τρίβος
524 4285 567 4336 ep.
586 4268 664 4323 Eust.
680 4270 757 4336 1200,
772 4269 815 4324 34.
831 4270 909 4338 1327,
922 4271 965 4324 37.
986 4269 1043 4339 (qui
1061 4270 1137 4325 locus
1157 4286 1191 4326 ex
1210 4272 1258 4326 Ar.
1271 4273 1336 4342 Byz.

97 4380 101 4387 ·
166 4354 329 4425 desumptus
349 4371 410 4410 esee
429 4357 556 4426 videtur).
576 4359 621 4413 Et.
641 4360 678 4413 M.
699 4360 759 4422 767,
779 4361 823 4414 57.
