3000 5040
702 262 705 267 .
737 175 758 238 5

686 424 772 490 CAP.
797 425 820 489 Ι.

256 586 361 651 Phot.
383 586 479 651 Bibl.
503 588 571 652 cod.
597 586 669 651 152.
715 588 906 671 Περιείχετο
935 586 971 652 δὲ
993 593 1043 672 τῷ
1066 583 1174 671 τεύχει
1202 587 1249 673 (in
1272 609 1334 671 quo

167 695 289 758 Timaei
316 694 375 758 lex.
403 694 526 758 Platon.
554 693 731 780 invenerat)
759 696 816 758 καὶ
842 693 984 759 Αἰλίου
1008 696 1221 759 Διονυσίου
1243 686 1333 760 Ἁλι-

166 793 652 888 καρνασσέωςῑγῖείττικών
667 795 926 889 Ὀνομάτωνί)
941 810 999 889 τῆς
1016 797 1151 888 πρώτης
1170 797 1335 878 ἐκδόσεως

166 905 279 994 λόγοι
305 908 439 989 πέντε,
472 900 540 974 άπό
568 917 631 974 τοῦ
658 919 681 974 ᾱ
708 909 802 994 μέχρι
828 916 890 974 τοῦ
919 919 947 973 ω
973 901 1033 987 τὰς
1060 900 1206 986 Ἀττικάς
1232 909 1335 989 λέξεις

166 1007 253 1081 κατά
268 1029 432 1099 στοιχεῖον
448 1007 707 1101 ἀναγράφοντες.
732 1013 917 1103 Σκόμνωί)
934 1017 969 1082 δὲ
987 1009 1026 1082 τό
1042 1012 1211 1102 σύνταγμα
1229 1031 1334 1101 προσ-

166 1135 286 1206 φωνεῖ·
308 1119 559 1209 χρησιμώτατος
573 1125 594 1189 δ
598 1116 607 1140 '
623 1116 641 1189 ὁ
660 1119 768 1200 πόνος
786 1113 885 1200 οὗτος
902 1136 973 1201 τοῖς
990 1147 1026 1188 τε
1046 1117 1224 1205 ἀττικίζειν
1243 1119 1334 1206 ἐχου-

167 1247 199 1296 σι
227 1231 393 1316 φροντίδα
420 1232 476 1294 καὶ
502 1242 574 1306 τοῖς
600 1238 672 1296 τών
698 1223 857 1296 Ἀττικῶν
890 1228 1136 1316 συγγράμμασιν
1169 1230 1335 1315 ἐνομιλεῖν

164 1336 452 1422 προαιρουμένοις.
486 1329 562 1402 όσαι
588 1361 625 1402 τε
652 1329 713 1423 γάρ
743 1334 997 1423 ἐπιχωριάζουσι
1024 1337 1127 1418 λέξεις
1149 1351 1220 1414 τοῖς
1240 1330 1334 1424 Ἀθη-

165 1445 273 1521 ναίοις
295 1446 373 1530 περί
395 1468 431 1508 τε
459 1437 518 1522 τάς
542 1436 659 1530 ἑορτὰς
686 1436 825 1523 καὶτὰς
848 1446 955 1525 δίκας,
983 1444 1144 1510 ἐντεῦθεν
1168 1441 1259 1509 ἐστιν
1282 1442 1335 1508 ἐκ-

164 1556 298 1635 μαθεῖν.
326 1552 383 1615 καὶ
407 1550 437 1615 εί
458 1574 490 1615 τι
509 1544 591 1616 άλλο
612 1549 815 1637 ἰδιοτρόπως
834 1544 947 1628 αότοῑς
965 1550 1104 1636 λέγεται,
1127 1543 1169 1615 οὐ
1185 1542 1335 1635 χαλεπόν

166 1651 292 1742 εὑρεῖν,
319 1653 461 1741 μάλιστα
489 1657 521 1722 εί
546 1681 597 1735 τις
619 1650 663 1744 μη
685 1651 765 1736 τοὺς
792 1666 850 1744 τῆς
878 1654 1013 1744 πρώτης
1037 1653 1202 1736 ἐκδόσεως
1227 1653 1335 1742 μόνον

165 1760 290 1848 τόμους
318 1761 515 1852 διερευνώη,
542 1757 627 1830 άλλά
655 1767 712 1830 καὶ
738 1773 805 1852 τῆς
833 1765 1019 1850 δευτέρας
1042 1761 1251 1846 ἐκδόσεως,
1278 1768 1336 1830 καὶ

167 1865 289 1949 αὐτοὺς
311 1871 413 1937 πέντε
422 1874 452 1959 4)
469 1869 595 1957 τόμους
614 1866 715 1950 ὄντας
732 1875 788 1938 καὶ
811 1864 879 1938 άπὸ
898 1881 960 1937 τοῦ
984 1883 1006 1937 οἰ
1029 1872 1122 1958 μέχρι
1144 1880 1206 1938 τοῦ
1230 1883 1259 1937 03
1276 1865 1336 1950 τάς

165 1972 307 2056 Ἀττικάς
337 1979 440 2060 λέξεις
467 1979 697 2066 περιέχοντας,
729 1970 805 2045 όσαι
836 2002 872 2063 γε
899 1987 940 2063 τῇ
967 1980 1117 2068 προτέρᾳ
1144 1971 1185 2044 οὗ
1214 1997 1335 2063 συμπε-

166 2082 397 2172 ριελήφθησαν
420 2079 441 2172 ἢ
464 2082 740 2173 περιελήφδησαν
757 2086 829 2170 μἐν,
851 2089 1047 2173 μαρτυρίαις
1070 2087 1106 2152 δὲ
1128 2098 1200 2164 ταῖς
1223 2080 1336 2164 οόσαις

167 2186 230 2258 οὐκ
250 2189 511 2278 ἐβεβαιώθησαν.
546 2193 583 2258 ἐν
600 2185 663 2279 γὰρ
686 2202 727 2276 τῇ
751 2193 889 2282 δευτέρᾳ
913 2190 1044 2259 ἐκδόσει
1066 2189 1277 2279 πλατύτερόν
1299 2216 1336 2257 τε

167 2302 224 2365 καὶ
247 2292 496 2385 άφθονώτερον
520 2297 554 2365 αί
577 2302 754 2386 μαρτυρίαι
776 2300 1047 2386 παρατέθεινται.
1082 2290 1131 2365 niv
1155 2299 1186 2365 εί
1206 2321 1256 2376 τις
1277 2290 1337 2376 τὰς

168 2403 228 2473 δύο
251 2409 476 2492 πραγματείας
500 2406 547 2484 είς
569 2404 606 2472 ἓν
630 2418 826 2491 συναγαγεῖν
850 2404 1018 2492 σύνταγμα
1040 2407 1237 2492 βουληθείη,
1260 2430 1334 2492 χρη-

168 2510 354 2600 σιμώτερόν
373 2506 467 2580 τετὸ
488 2515 712 2601 φιλοτέχνημα
731 2512 886 2596 ἐπιδείξει
909 2516 966 2580 καὶ
988 2507 1071 2599 μετὰ
1093 2509 1266 2602 ῥᾳστώνης
1285 2511 1335 2578 ἐκ-

167 2620 301 2686 τελέσει.

256 2729 323 2794 eod.
345 2727 416 2794 153.
449 2720 649 2814 ἀνεγνώσθη
673 2728 709 2794 δὲ
733 2726 841 2813 ἐντῷ
865 2721 958 2813 αὐτῷ
979 2724 1088 2810 τεύχει
1106 2727 1336 2792 Παυσανίου

168 2827 300 2916 λεξικόν
309 2835 337 2923 ⁵)
364 2827 450 2901 κατά
479 2847 657 2920 στοιχεῖον,
690 2829 790 2901 οὐδὲν
818 2832 958 2900 έλαττον
985 2842 1056 2898 τών
1082 2833 1336 2919 προειρημένων

169 2941 216 3019 είς
236 2933 295 3019 τὰς
308 2934 453 3020 Ἀττικάς
473 2938 739 3027 συναναγνώσεις
755 2937 925 3029 χρήσιμον,
950 2941 977 3006 εί
995 2932 1038 3028 μη
1062 2942 1119 3006 καὶ
1141 2944 1282 3024 μᾶλλον·
1307 2940 1336 3004 εί

167 3041 230 3134 γάρ
258 3051 315 3115 καὶ
341 3060 414 3128 ταῖς
439 3051 633 3135 μαρτυρίαις
663 3049 875 3135 ἐνδεέστερον
903 3046 982 3133 έχει,
1011 3041 1087 3113 αλλ’
1116 3035 1178 3112 οὖν
1206 3043 1242 3111 ἐν
1269 3064 1336 3113 τισι

167 3164 240 3222 τών
273 3159 445 3241 στοιχείων
476 3148 566 3222 πολὺ
592 3167 664 3234 ταῖς
691 3156 798 3238 λέξεσι
829 3152 1021 3236 πλεονάζει,
1056 3147 1101 3232 ώς
1133 3147 1336 3240 άμφοτέραις

168 3255 237 3349 άμα
262 3275 334 3341 ταῖς
360 3263 480 3329 Αἰλίου
508 3265 688 3329 Διονυσίου
710 3257 989 3348 Ἁλικαρνασσέως
1016 3263 1252 3347 πραγματείαις
1274 3253 1337 3348 τὴν

168 3374 248 3456 μίαν
274 3367 414 3457 ταύτην,
441 3372 553 3436 καίτοι
579 3377 650 3436 τών
675 3367 828 3457 χρήσεων
857 3363 913 3436 ἐπ’
937 3367 1078 3436 ἐλαττον
1106 3361 1167 3457 (ώς
1196 3364 1336 3455 ἐφημεν)

259 3604 280 3669 1)
298 3602 332 3657 cf.
351 3601 440 3671 praef.
459 3607 488 3657 et
506 3601 540 3656 fr.
560 3604 585 3657 9.
604 3603 647 3658 36.
668 3605 710 3659 77.
730 3603 789 3658 103.
811 3603 869 3658 107.
889 3603 950 3657 313.
970 3601 1031 3656 316.

260 3692 280 3759 ²)
299 3691 339 3746 sic
354 3691 383 3745 in
400 3691 574 3760 praefatione
588 3697 617 3746 et
629 3691 662 3745 fr.
676 3693 729 3747 316
743 3697 869 3747 vocetur:
889 3691 960 3745 alian
976 3705 1084 3759 semper
1099 3689 1215 3744 lexicon.
1229 3687 1262 3742 fr.
1275 3688 1336 3743 314.

169 3783 199 3837 A.
215 3777 247 3835 ἐν
265 3783 299 3849 τῇ
320 3776 425 3851 ἐκλογῇ
442 3783 500 3834 τῶν
519 3776 678 3848 ὀνομάτων.
751 3781 772 3842 ³)
792 3780 826 3836 cf.
839 3780 928 3849 praef.
942 3779 1016 3834 Aelii
1035 3779 1161 3848 Dionysii
1180 3783 1209 3831 et
1227 3777 1260 3831 fr.
1274 3777 1335 3831 301.

259 3871 280 3939 ⁴)
299 3869 414 3926 Unicum
434 3871 567 3924 librorum
587 3887 729 3925 nnmerum
748 3870 835 3925 hahes
853 3870 884 3923 in
902 3870 936 3923 fr.
949 3871 1009 3924 316.
1024 3898 1059 3907 —
1077 3868 1119 3921 De
1138 3867 1268 3921 librorum
1287 3883 1337 3920 nu·

169 3961 265 4026 meris,
290 3959 337 4028 qui
356 3977 373 4014 a
392 3959 530 4014 veteribus
549 3962 710 4025 traduntur,
734 3959 914 4013 dubitandum
933 3975 987 4012 non
1006 3973 1066 4012 ense
1084 3961 1222 4026 postremo
1242 3959 1338 4011 contre

168 4050 320 4105 Webernm
338 4049 446 4118 (Philol.
465 4050 560 4118 Suppl.
576 4051 624 4104 III.
643 4066 670 4118 p.
690 4049 742 4104 477
760 4065 786 4117 p.
806 4049 869 4116 488)
887 4053 964 4102 reete
983 4046 1182 4102 demonstravit
1200 4046 1337 4101 Schoene-

168 4155 261 4208 mann,
281 4141 315 4193 de
333 4137 549 4208 Lexicogrephis
568 4138 690 4207 antiquis
708 4156 734 4207 p.
754 4139 796 4192 71.
825 4139 981 4193 Hannover.
1002 4137 1078 4192 1886.

258 4230 279 4297 ⁵)
298 4228 331 4282 fr.
346 4229 389 4283 47.
405 4229 441 4282 Π.
458 4219 490 4282 οὗ
509 4223 542 4282 τὸ
558 4223 680 4281 Ἀττικὸν
698 4223 811 4292 λεξικδν
831 4226 863 4280 fr.
880 4229 939 4282 181.
957 4227 989 4280 Π.
1005 4222 1036 4280 ἐν
1053 4229 1088 4295 τῇ
1106 4220 1335 4292 διαπεπονημένη

170 4320 227 4372 τῶν
246 4313 374 4372 Ἀττικῶν
392 4311 542 4385 ὀνομάτων
561 4319 723 4386 συναγωγῇ.
