3000 5040
724 292 787 360 163

167 466 284 532 συκαῖς
302 446 483 534 ὀλύνθους,
505 448 581 541 ἢτοι
600 452 740 538 ἐρινοάς,
763 470 874 541 φησιν.
900 453 936 535 ἐξ
958 445 1008 519 ῶν
1032 453 1065 520 οἱ
1086 452 1259 540 λεγόμενοι
1278 464 1339 543 ψῆ-

166 584 223 640 νες
253 560 520 646 μετεισέρχονται
548 559 595 638 εἰς
621 553 683 626 τὸν
710 569 782 626 τῶν
809 553 942 647 ἡμέρων
970 553 1104 645 καρπὸν
1131 563 1189 626 καὶ
1217 559 1339 645 κρατά-

167 685 287 734 νουσιν
310 659 427 747 αάτδν,
450 658 536 733 ὥστε
558 660 602 753 μὴ
626 660 837 754 ἀπορρυῆναι
860 675 922 732 τοῦ
946 668 1134 754 δένδρουθ).

259 775 331 840 179.
364 774 535 839 Eustath.
558 796 588 857 p.
608 774 683 850 969,
705 777 731 838 1.
764 765 863 838 κατὰ
882 772 1023 839 Αἴλιον
1047 770 1259 840 Διονύσιον
1283 777 1340 839 καὶ

165 861 297 946 πλεκτά
318 903 395 945 τινα
419 878 456 944 ἐκ
478 887 603 964 τριχῶν
626 876 754 966 ἕρκηῑ)
778 872 869 964 παρὰ
896 892 967 958 τοῖς
989 895 1151 964 κωμικοῖς
1174 881 1341 966 ἐλέγοντο,
1368 903 1381 942 ο

166 988 225 1051 καὶ
244 976 297 1052 ὅτι
317 981 496 1073 ἓρκάνηδ)
516 978 594 1050 κατ’
614 977 719 1051 αὐτὸν
738 979 757 1051 ὃ
777 978 927 1070 φραγμὸς
946 979 1014 1052 άιιό
1033 995 1096 1052 τοῦ
1114 984 1233 1072 έρκους
1251 988 1339 1066 ἲσιος.

260 1093 330 1158 180.
363 1092 538 1158 Enstath.
561 1115 590 1175 p.
610 1092 690 1168 976,
710 1093 761 1156 32.
795 1087 1003 1169 Διονύσιος
1031 1093 1067 1158 δὲ
1094 1094 1181 1177 λέγει
1207 1096 1264 1159 καὶ
1288 1085 1341 1160 ὅτι

167 1196 264 1283 έρμα
285 1197 416 1283 λέγεται
438 1200 495 1263 καὶ
517 1193 537 1284 ἡ
562 1197 599 1262 ἐν
621 1193 777 1281 θαλάσσῃ
799 1199 907 1283 πέτρα
917 1201 952 1285 1).

259 1307 332 1370 181.
364 1304 483 1370 Schol.
502 1304 611 1370 Thuc
631 1304 683 1369 VI.
704 1306 755 1368 27.
779 1305 819 1390 (e.
839 1307 905 1369 cod.
925 1307 1126 1391 Augustano)
1150 1305 1262 1370 ἰστέον
1286 1296 1340 1371 ὅτι

167 1412 396 1488 Παυσανίας
423 1409 465 1476 έν
492 1417 537 1494 τῇ
566 1412 891 1496 διαπεπονημένῃ
923 1418 1005 1476 τῶν
1031 1404 1216 1477 Ἀττικῶν
1249 1405 1380 1477 ὀνο-ιο

166 1513 304 1602 μάτων
327 1523 534 1602 συναγωγῇ
555 1508 636 1594 τοὺς
653 1515 838 1604 τραχήλους
856 1519 910 1583 καὶ
930 1510 972 1582 τά
992 1517 1103 1583 αἰδοῖα
1125 1510 1205 1595 τοὺς
1222 1511 1340 1602 Ἑρμᾶς

165 1624 392 1710 περικοπῆναί
415 1640 496 1710 φησι
523 1625 581 1688 καὶ
608 1616 688 1702 τούς
715 1630 817 1690 τοῦτο
848 1621 1034 1709 δράσαντας
1055 1618 1339 1710 Ἑρμοκοπὶδας

165 1734 345 1796 καλεῖσθαι
354 1729 391 1816 ¹).

259 1836 330 1901 182.
362 1837 535 1902 Eustath.
553 1860 583 1920 p.
602 1837 681 1914 965,
703 1839 756 1902 47.
789 1829 857 1902 άπὸ
887 1837 922 1902 δὲ
949 1845 1011 1902 τοῦ
1039 1833 1147 1921 ἐρύειν
1175 1876 1218 1885 -
1247 1838 1342 1902 δοκεῖ

165 1949 340 2029 παρῆχθαι
354 1934 444 2008 καὶδ
463 1935 555 2028 παρὰ
573 1951 623 2028 τῴ
637 1945 844 2031 Παυσανίᾳ
859 1939 1033 2028 ἐρυσμός.
1058 1939 1214 2026 λάχανόν,
1232 1962 1340 2030 φησι,
1355 1966 1379 2005 15

165 2041 405 2135 θερμαντικὸν,
429 2039 470 2114 οὗ
491 2043 532 2115 τὸ
557 2049 687 2136 σπέρμα
704 2053 878 2136 τρίβουσαι
896 2052 1054 2115 πίνουσιν
1073 2048 1107 2114 αἱ
1125 2046 1267 2115 κύουσαι
1284 2074 1338 2134 γυ-

164 2167 288 2233 ναῖκες.

226 2531 227 2534 ,
258 2459 279 2529 8)
297 2460 428 2515 Fortasse
447 2461 502 2514 huc
524 2461 695 2515 revocandus
719 2464 763 2516 est
780 2461 858 2516 Eust.
878 2479 904 2530 p.
926 2463 1008 2527 1536,
1028 2463 1069 2516 14.
1099 2463 1170 2530 φασὶ
1190 2459 1220 2515 δὲ
1239 2458 1266 2516 οἳ
1286 2480 1337 2515 τια-

164 2549 243 2603 λαιοὶ
266 2551 315 2603 καὶ
338 2537 382 2604 δτι
404 2546 565 2620 ἀρσενικῶς
582 2548 636 2617 μὲν
655 2546 769 2620 ἐρινὸς
791 2548 906 2619 λέγεται
925 2547 958 2604 τὸ
977 2548 1103 2620 δένδρον,
1128 2546 1284 2620 οὐδετέρως
1307 2549 1337 2603 δὲ

165 2631 183 2691 ὁ
207 2633 327 2708 καρπός.
356 2634 383 2693 οἳ
406 2641 454 2692 καὶ
477 2632 493 2706 ἡ
518 2635 642 2708 κέδρος
664 2640 736 2707 φασὶ
759 2641 893 2706 θηλυκῶς
915 2635 949 2693 τὸ
974 2633 1069 2708 φυτόν.
1099 2633 1131 2691 τὸ
1150 2636 1253 2708 κέδρον
1272 2633 1337 2693 sit

166 2722 288 2797 καρπὸς.
308 2722 336 2781 οἳ
354 2722 381 2780 δ’
402 2724 484 2781 αδτοί
502 2743 573 2795 φασι
592 2729 640 2781 καὶ
659 2722 703 2781 δτι
723 2723 819 2798 ῥινὸν
836 2725 963 2797 Ἰλλυριοὶ
981 2725 1094 2797 λέγουσι
1114 2722 1165 2795 τὴν
1183 2722 1277 2796 άχλάν.
1302 2726 1337 2780 cf.

164 2814 202 2868 fr.
220 2816 281 2871 217.
300 2820 354 2870 not.
373 2817 416 2871 27.

213 2904 274 2959 179.
294 2906 315 2970 ¹)
332 2905 460 2959 Eustath.
482 2905 559 2972 1572,
578 2905 621 2959 21.
641 2905 791 2972 Utramque
811 2904 929 2972 glossam
948 2905 1026 2958 Phot.
1046 2904 1208 2973 descripsit,
1232 2905 1338 2959 inserta

165 2993 260 3063 glossa
283 2988 393 3063 ἕρκεσι·
423 2988 559 3056 δικτύοις,
584 2993 618 3047 cl.
642 2993 707 3047 Hes.
732 2993 815 3061 Soph.
835 2994 946 3047 Atham.
971 2991 1003 3045 fr.
1027 2994 1051 3046 2.
1076 2992 1121 3047 Et.
1144 2994 1181 3046 M.
1206 2994 1270 3058 375,
1294 2994 1336 3047 21.

165 3081 237 3137 Poll.
249 3083 283 3137 V.
300 3084 353 3145 26..
373 3081 420 3151 qui
437 3082 633 3136 Pherecratem
653 3088 793 3136 auctorem
812 3081 917 3148 laudat,
937 3080 971 3135 cf.
994 3080 1027 3134 fr.
1047 3082 1088 3136 73.

258 3171 279 3236 ¹)
297 3170 396 3225 Altera
413 3171 505 3240 glossa
524 3187 568 3239 ap.
588 3170 654 3224 Hes.
674 3187 696 3224 s.
715 3188 739 3222 v.
760 3165 894 3239 ἐρικάνην
912 3169 956 3233 (cf.
977 3186 1048 3238 quae
1068 3169 1259 3225 confusissima
1276 3187 1296 3224 s.
1310 3188 1336 3224 v.

165 3254 304 3329 δρικάνην
322 3259 447 3329 exhibet)
467 3266 495 3313 et
514 3255 627 3330 έρκατή,
648 3260 693 3313 cui
711 3258 766 3312 iam
786 3261 823 3313 M.
843 3260 968 3313 Schmidt
987 3260 1093 3314 mederi
1111 3260 1225 3314 studuit.

214 3349 273 3403 180.
293 3349 314 3418 ¹)
332 3350 410 3403 Phot.
430 3349 504 3404 Suid.
526 3344 627 3418 έρμδιν·
656 3337 765 3416 άφαλος
790 3346 890 3418 πέτρα.
916 3346 1048 3417 Ἀντιφῶν
1071 3351 1119 3402 καὶ
1139 3345 1337 3419 Ἀριστοφάνης

165 3453 204 3491 ex
221 3437 354 3506 Harpocr.
374 3437 495 3506 epitome
519 3437 679 3491 hauserunt.
712 3438 904 3506 Corruptclam
928 3434 1018 3508 έρμδν
1037 3439 1174 3504 (Valesius
1197 3439 1252 3491 iam
1277 3454 1337 3492 eam

166 3525 291 3591 sustulit)
309 3525 366 3580 iam
384 3526 413 3579 in
431 3527 551 3595 genuino
570 3526 789 3595 Harpocrationo
809 3526 931 3580 adfuisse
951 3530 1071 3593 constat,
1096 3526 1130 3581 cf.
1150 3527 1220 3580 Prol.
1248 3544 1275 3594 p.
1294 3527 1336 3579 36.

165 3613 276 3669 Similia
294 3631 338 3684 ap.
356 3615 422 3669 Hes.
448 3616 496 3683 qui
514 3615 697 3670 Anacreontis
716 3616 806 3670 locum
825 3619 926 3670 servat.
946 3616 1046 3684 Bergk.
1066 3615 1129 3686 Lyr.
1149 3617 1210 3669 111⁴.
1229 3631 1256 3683 p.
1276 3616 1336 3668 266.

164 3702 212 3758 Et.
230 3703 268 3756 M.
287 3704 348 3769 375,
367 3704 410 3758 54.
430 3729 464 3748 =
483 3705 515 3759 Β.
535 3707 568 3758 A.
587 3705 647 3769 256,
667 3706 709 3758 23.

212 3791 272 3846 181.
294 3793 314 3858 ¹)
332 3793 443 3860 Duplex
461 3797 540 3847 extat
558 3793 649 3861 glossa
668 3808 713 3861 ap.
727 3792 815 3861 Phoc,
836 3810 950 3861 quarum
968 3792 1045 3861 prior
1062 3791 1143 3845 finxit
1163 3790 1336 3857 ePausania‚

167 3878 215 3948 qui
238 3879 298 3949 ipse
316 3881 482 3937 Philochoro
505 3897 570 3936 usus
593 3888 648 3946 cst,
673 3881 708 3936 cf.
727 3883 797 3937 Nab.
817 3883 835 3935 l.
856 3884 873 3936 l.
893 3883 981 3936 Schol.
1002 3885 1048 3935 Ar.
1068 3882 1131 3950 Lys.
1153 3881 1228 3934 1094.
1248 3881 1336 3948 Hesy-

166 3967 245 4023 chius
255 3985 318 4024 cum
327 3970 417 4025 altera
427 3971 586 4040 conspirare
597 3971 715 4036 videtur,
727 3971 761 4025 cf.
772 3971 883 4038 Miller,
895 3973 1005 4039 Fragm.
1016 3972 1087 4025 Hist.
1095 3970 1192 4023 Graec.
1204 3971 1224 4022 l.
1237 3967 1336 4022 lr.110.

212 4058 272 4113 182.
293 4059 314 4129 ¹)
334 4059 415 4114 Oonv.
435 4060 556 4114 Photius.
585 4059 615 4114 Si
639 4054 763 4128 έρυσμάς
785 4060 936 4128 scriptura,
961 4076 1032 4128 quae
1051 4059 1124 4113 alias
1142 4074 1275 4124 nusquam
1293 4073 1336 4110 re·

168 4146 267 4214 currit,
287 4147 386 4202 vitiosa
406 4152 462 4216 est,
482 4148 538 4202 iam
557 4149 707 4203 veterrima
726 4151 885 4217 corruptela
904 4148 1020 4215 videtur,
1040 4147 1075 4202 cf.
1088 4148 1159 4201 Prol.
1174 4164 1200 4214 p.
1214 4147 1257 4200 35.
1271 4147 1336 4199 Hes.

167 4229 317 4303 έράσιμσν·
336 4231 486 4308 κάρδαμον
500 4230 608 4308 άγριον.
633 4237 667 4293 of.
686 4238 747 4292 Nic.
761 4237 892 4306 Alexiph.
908 4239 967 4293 607.
989 4255 1051 4292 cum
1064 4237 1153 4292 Schol.
1174 4242 1203 4289 et
1216 4235 1336 4288 Eutekn.

167 4321 249 4376 Ther.
269 4325 329 4380 894.
349 4332 378 4380 et
395 4326 512 4381 Eutecn.
531 4328 667 4395 metaphr.
693 4327 733 4380 ed.
754 4327 948 4380 Bussemakcr.
972 4327 1044 4381 Plin.
1063 4327 1097 4381 N.
1117 4326 1151 4379 H.
1172 4324 1274 4379 XVIII.
1294 4323 1336 4376 96.

167 4409 336 4469 xxs1.156.

1073 4507 1123 4561 11*
