3000 5040
723 219 787 285 233

163 379 306 470 ψύχους,
330 382 370 449 ἐν
391 381 430 449 δὲ
448 377 584 469 ἑτέρῳ,
608 372 661 448 ότι
678 380 944 468 βαμβαίνωνθ)
965 379 1026 465 μὲν
1044 376 1173 468 βήματα
1191 376 1336 462 βάλλων,

164 493 225 558 καὶ
251 495 338 579 βῆμα
364 485 595 576 πορευόμενος
621 490 678 555 καὶ
700 489 911 555 παπταίνων.
954 489 1206 573 βαμβαλίζων
1230 487 1265 554 δὲ
1289 483 1336 573 ῥι-

163 604 248 686 γῶν,
271 591 511 683 ἀπολλύμενος.

257 705 332 771 365.
365 705 538 771 Euslath.
557 728 587 790 p.
607 704 681 783 632,
699 704 728 770 4.
765 694 817 769 ότι
842 703 877 770 δὲ
897 695 915 769 ὃ
934 697 1262 790 Βελλεροφόντης
1281 703 1337 766 καὶ

166 816 395 900 Βελλεροφοόν
418 808 692 897 τετρασυλλάβως
714 812 853 896 λέγεται,
876 801 1016 898 ποιητὴς
1035 808 1147 895 ἕτερος
1167 811 1278 897 δηλοῖ.
1292 862 1298 873 .
1310 862 1335 874 ..
1364 827 1377 867 ⁵

165 920 280 988 ἰστέον
309 920 345 986 δὲ
368 912 414 997 ὡς
437 921 493 985 καὶ
516 912 779 1007 Ἑλλεροφόντην
805 926 930 985 τοῦτον
958 913 1136 1005 ίστόρησάν
1164 940 1253 994 τινες
1278 941 1337 982 κα-

164 1033 314 1109 λεῖσθαι,
342 1021 389 1105 ὡς
411 1028 468 1092 καὶ
489 1019 565 1113 μετ’
584 1019 680 1112 όλίγα
702 1022 893 1114 ῥηθήσεται.
936 1025 972 1091 ἐν
1001 1025 1036 1091 δὲ
1060 1021 1258 1112 ῥητορικῷ
1282 1015 1336 1090 εύ-

164 1158 264 1222 ρηται
286 1140 326 1200 λε
333 1140 429 1220 ξικῴ
452 1136 509 1200 καὶ
532 1133 734 1221 852220091)
756 1131 942 1219 λεγόμενος.

257 1243 331 1309 366.
363 1242 534 1308 Eustath.
553 1265 582 1326 p.
604 1241 699 1317 1735,
717 1241 768 1307 30.
805 1233 845 1306 τό
870 1241 906 1307 δὲ
930 1247 1045 1306 σκεπω
1068 1234 1336 1325 περισπώμενον,

167 1351 205 1432 ἐξ
232 1339 273 1417 οὖ
301 1341 342 1415 τό
372 1345 556 1430 σκεπόωσι,
582 1344 812 1436 πρωτότυπόν
836 1347 906 1415 ἐστι
928 1355 990 1414 τοῦ
1014 1343 1183 1428 σκεπάζω,
1212 1338 1258 1423 οός
1280 1348 1336 1410 καὶ
1351 1365 1377 1403 10

166 1465 231 1525 τοῦ
253 1464 346 1523 πετῶ
368 1450 409 1523 τό
431 1453 566 1538 πετάζω
584 1459 642 1522 καὶ
664 1449 704 1523 τό
727 1460 811 1538 βιβω
834 1463 896 1521 τοῦ
918 1451 1114 1543 βιβάζωῑ),
1137 1443 1155 1519 ό
1180 1455 1277 1541 δηλοῖ
1296 1445 1336 1518 τό

168 1558 313 1649 όχεύειν,
341 1557 387 1643 ὡς
416 1563 457 1630 ἐν
486 1561 684 1651 ῥητορικῷ
717 1555 851 1651 εύρηται
883 1568 1039 1648 λεξικῷ,
1073 1557 1121 1627 ἐ’τι
1149 1561 1185 1628 δὲ
1213 1562 1269 1626 καὶ
1296 1552 1335 1625 τό

167 1664 284 1751 ἁπλῶς
305 1673 443 1753 βαίνειν.

257 1780 331 1846 367.
364 1779 536 1845 Eustath.
555 1801 584 1863 p.
607 1780 701 1856 1913,
721 1779 772 1844 28.
804 1781 956 1860 βίβλινον
975 1778 1011 1844 δὲ
1030 1770 1072 1842 ού
1090 1768 1129 1843 τὸ
1154 1776 1191 1842 ἐκ
1209 1777 1326 1857 βίβλου

167 1878 187 1952 ό
212 1885 282 1953 ἐστι
304 1882 465 1973 παπύρου
483 1885 678 1970 Αἰγυπτίας,
702 1877 786 1952 άλλᾶ
808 1882 952 1973 βοτάνης
973 1909 1065 1963 τινος
1088 1883 1253 1970 ἐμφεροῦς
1274 1902 1377 1949 sca-1⁵

166 1989 279 2080 πόρω
313 1992 346 2061 οἱ
373 1994 409 2060 δὲ
432 1989 638 2074 καννάβινόν
661 2011 774 2076 φασιν,
797 1991 905 2078 ἕτεροι
928 1993 964 2059 δὲ
986 1986 1026 2059 τό
1051 1992 1088 2058 ἐκ
1112 1988 1260 2078 φιλύρας.
1286 1980 1338 2056 ότι

168 2102 216 2183 δὲ,
238 2093 331 2169 καθά
354 2103 411 2167 καὶ
434 2094 452 2167 ὁ
475 2097 641 2187 μόλυβδος
664 2093 755 2187 παρά
774 2114 844 2179 τοῖς
862 2105 1026 2181 παλαιοῖς,
1050 2093 1141 2167 οὕτω
1164 2102 1222 2166 καί
1243 2091 1263 2187 ἦ
1282 2096 1337 2186 ῥη-

167 2216 270 2276 θείσα
287 2211 400 2290 βίβλος
424 2210 609 2295 όιφορεῐται
627 2200 713 2274 κατὰ
735 2201 775 2273 τό
801 2209 967 2294 δίχρονον,
991 2207 1113 2295 ἐρρέθη
1135 2208 1197 2293 μὲν
1220 2208 1278 2273 καὶ
1300 2205 1337 2271 ἐν

167 2329 239 2394 τοϊς
262 2323 324 2382 τοῦ
346 2324 556 2403 περιημητοῦ,
582 2317 679 2403 όηλοῑ
702 2315 737 2381 δὲ
761 2307 843 2381 αότό
863 2308 956 2382 καὶὸ
981 2311 1134 2401 γράψας
1157 2314 1197 2380 ἐν
1221 2311 1336 2400 ῥητο-

167 2430 266 2509 ρικῷ
290 2426 446 2508 asgup,
470 2414 522 2490 ότι
545 2419 705 2504 βύβλινον
727 2425 784 2488 καὶ
806 2423 957 2504 βίβλινον
981 2422 1078 2508 διχῶς
1088 2425 1122 2509 ¹).
1350 2439 1377 2478 20

168 2690 230 2729 cem
249 2680 314 2729 ante
333 2675 501 2744 explicatam
520 2680 581 2744 post
600 2674 784 2746 βαμβαλίζειν
802 2674 879 2728 Eust.
899 2673 999 2728 omisit.
1027 2672 1156 2729 Recurrit
1178 2677 1270 2728 sutem
1289 2688 1333 2741 ap.

166 2765 213 2818 Et.
232 2763 269 2818 M.
290 2765 350 2830 187,
369 2766 411 2819 27.
431 2768 457 2834 (e
477 2765 531 2820 lex.
549 2766 630 2830 rhet.)
649 2791 682 2808 =
703 2764 777 2819 Suid.
798 2763 862 2818 Hes.
882 2795 917 2803 —
938 2764 1123 2835 βαμβαλίζειν
1142 2764 1237 2818 eodem
1256 2762 1335 2816 modo

166 2853 306 2924 repetitur
323 2871 367 2924 sp.
387 2854 452 2909 Hes.
471 2856 503 2910 B.
523 2857 556 2909 A.
575 2855 619 2920 30,
638 2854 681 2908 24.

259 2943 281 3011 ⁸)
299 2943 458 3013 Explicatis
472 2945 589 3013 Apionis
602 2951 652 3010 est,
666 2943 701 2998 cf.
716 2943 807 3012 Apoll.
821 2944 874 2998 lex.
888 2943 959 2998 hom.
973 2961 999 3013 p.
1013 2943 1056 3010 50,
1069 2945 1112 2998 21.
1125 2944 1214 2999 Bekk.
1234 2944 1335 3000 Contra

168 3032 295 3103 disputet
317 3033 407 3089 Schol.
426 3035 494 3090 Ven.
514 3035 531 3089 l.
551 3033 569 3088 l.
589 3033 725 3103 Apionem
750 3037 903 3102 sequuntur
926 3033 970 3088 Et.
995 3033 1065 3088 Gud.
1091 3033 1156 3099 103,
1176 3035 1218 3089 50.
1242 3032 1334 3089 Orion.

166 3123 213 3191 36,
231 3123 284 3192 18,
303 3123 350 3192 qui
368 3122 550 3178 Philoxenum
568 3123 665 3179 laudat
684 3119 715 3178 ἐν
730 3121 1016 3190 Ἀναδιιιλασιασμοῖς.

212 3211 273 3267 365.
301 3211 439 3267 Aelium
462 3212 660 3284 Dionysium
683 3228 809 3282 agnosco.
847 3212 995 3267 Simillim
1022 3212 1095 3268 enim
1120 3212 1234 3269 exhibet
1256 3213 1334 3269 Eust.

166 3319 194 3372 p.
215 3302 280 3367 633,
299 3303 356 3369 58,
381 3301 415 3356 cf.
435 3301 468 3356 fr.
488 3303 547 3356 111.
573 3304 633 3356 113.
667 3303 798 3357 Fortasse
821 3302 998 3372 proverbium
1021 3304 1063 3358 ibi
1085 3303 1226 3359 laudatum
1252 3304 1334 3358 Βελλ.

166 3385 241 3445 καθ’
260 3384 365 3446 ἑαυτοῦ
382 3385 536 3462 γράμματα
555 3391 599 3460 (cf.
619 3392 719 3461 Hotop.
739 3409 765 3461 p.
785 3393 846 3460 262,
866 3393 928 3460 294)
948 3409 982 3447 ex
1001 3393 1098 3448 eodem
1116 3393 1193 3448 fonte
1211 3392 1299 3449 fluxit.

258 3482 279 3547 ¹)
299 3479 339 3535 cf.
359 3481 424 3535 Hes.
445 3478 588 3551 Βέλλερος
609 3474 665 3535 ὑπὸ
686 3476 923 3551 Βελλεροφόντου
947 3485 1089 3547 κτανθείς.
1119 3474 1137 3551 ἢ
1160 3475 1175 3536 ό
1196 3484 1335 3551 Βελλερο-

166 3563 281 3639 φόντης.
310 3570 412 3625 Zenob.
432 3571 469 3624 ΙΙ.
487 3571 530 3625 87.
549 3570 593 3625 Et.
612 3571 650 3623 M.
671 3571 731 3636 194,
751 3572 793 3625 54.

212 3659 273 3714 366.
293 3660 315 3727 ¹)
335 3659 416 3714 conv.
435 3659 501 3714 Hes.
520 3659 593 3714 Suid.
614 3662 657 3726 (ι-
677 3660 743 3715 Lex.
757 3660 870 3715 Bechm.
891 3662 951 3727 179,
964 3662 1018 3729 28.)
1036 3656 1154 3732 βιβόζει.
1175 3662 1192 3730 †
1213 3657 1334 3728 συζεόει,

166 3743 270 3818 ὀχεύει.

212 3838 272 3892 367.
301 3839 419 3908 Propter
441 3834 581 3909 μόλυβδος
605 3855 699 3894 vocem
721 3839 834 3895 ellstsm
854 3841 985 3895 Aelium
1005 3839 1201 3911 Dionysium
1221 3841 1334 3897 subesse

166 3929 244 3997 puto,
264 3927 298 3982 ef.
318 3926 352 3982 fr.
366 3928 426 3984 258.
454 3928 548 3984 Etiam
568 3930 671 4000 φίλνρα
690 3944 743 3983 vox
761 3929 796 3983 ab
815 3931 848 3983 A.
862 3930 894 3984 Ι).
909 3928 1048 3998 explicata
1068 3935 1153 3997 extet,
1174 3928 1209 3984 cl.
1224 3929 1257 3985 fr.
1273 3932 1333 3986 317.

166 4047 204 4056 -
223 4017 370 4072 simillima
394 4018 520 4074 doctrina
544 4023 622 4074 extat
645 4035 671 4087 p.
690 4019 756 4084 421,
775 4020 831 4084 30,
851 4019 899 4073 ubi
917 4019 949 4073 fr.
969 4020 1029 4074 250.
1050 4035 1084 4073 ex
1102 4019 1184 4073 Aelio
1202 4019 1334 4091 Dionysio

166 4105 288 4176 petitum
306 4108 450 4175 praecedit
469 4113 498 4163 et
516 4109 591 4164 locus
611 4125 694 4177 supra
713 4109 815 4164 allatus
833 4109 988 4178 respicitur.

260 4197 280 4263 ¹)
300 4196 340 4252 (ll.
360 4198 446 4253 Moer.
466 4216 492 4267 p.
513 4200 573 4264 192,
592 4200 635 4253 23.
654 4199 743 4252 Beklr.
763 4198 858 4269 βιβλία
877 4193 921 4251 διὰ
939 4201 991 4253 τοῦ
1010 4212 1030 4262 ῑ,
1051 4191 1089 4263 ὡς
1108 4195 1238 4264 Πλάτων,
1255 4197 1334 4255 letu-

165 4285 221 4339 κοί.
244 4286 355 4357 βυβλία,
375 4280 414 4352 ὡς
432 4285 627 4357 Λημοσθένης,
646 4283 750 4341 κοινόν.
771 4288 835 4343 Hes.
850 4287 954 4359 βιβλία,
973 4288 1081 4360 βυβλία.
1101 4289 1145 4344 Et.
1159 4290 1197 4345 M.
1216 4291 1278 4358 216,
1290 4292 1333 4346 31.

168 4377 230 4444 795,
250 4376 274 4430 4.
296 4376 355 4441 197,
374 4378 416 4434 32.
445 4379 553 4447 Fragm.
574 4383 643 4447 trag.
664 4377 757 4446 adesp.
777 4377 838 4433 149.
856 4378 963 4436 Nauck.
