3000 5040
719 242 762 306 46

157 401 368 492 ροφόντονῐ)
393 401 539 468 Corinthi
562 402 679 484 degens
703 400 805 486 (Eust.
828 400 848 466 l
872 395 1101 486 1.)δορύξενοι
1123 403 1233 465 autem
1256 402 1331 464 sunt

158 513 296 578 Glaucus
319 516 352 575 et
374 508 544 574 Diomedes
566 506 685 592 (Schol.
703 506 794 572 Hom.
813 507 833 571 l.
852 507 897 592 l.).
915 546 959 555 -

246 617 399 682 Tertius
422 615 517 692 libor,
541 616 595 700 qui
618 613 825 698 Aristophani
848 613 1002 697 Byzantio
1027 611 1176 689 debetur,
1200 611 1331 676 fuerunt

159 715 572 808 desperatiorem),
595 721 698 803 quode
717 719 755 786 cf.
769 719 888 785 Nauck.
907 741 937 803 p.
958 720 1055 803 87sq.
1089 718 1197 785 Etiam
1216 739 1257 783 ex
1274 718 1329 783 illo

158 831 265 898 variae
288 850 326 894 ac
347 829 594 911 pretiosissimae
614 827 779 893 doctrinae
801 827 895 909 pleno
913 825 1067 891 nonnulla
1089 826 1136 890 ita
1158 846 1232 891 cum
1255 824 1329 890 atti·

159 937 246 1003 cistis
279 937 462 1011 concinunt,
493 939 531 999 ut
560 954 660 999 nexus
692 934 777 998 inter
808 932 880 998 illos
907 937 1053 998 auctores
1080 933 1179 999 statui
1205 931 1329 998 debeat

158 1043 350 1126 Incipiamus
377 1062 397 1106 a
420 1039 689 1116 M111.Me1.429,
712 1040 775 1116 13„
798 1030 1027 1125 προβεβηκώς,
1055 1031 1262 1119 ὑιιοιιόλιος,
1290 1026 1329 1102 ὃν

158 1151 216 1215 καὶ
235 1139 451 1233 ω’μογέροντα
474 1150 636 1211 καλοῦσιν
655 1145 708 1232 (cf.
726 1145 837 1211 Nauck
855 1168 884 1229 p.
903 1146 946 1211 68
957 1166 1011 1229 sq.,
1030 1145 1085 1228 qui
1104 1150 1228 1210 ceteros
1246 1145 1329 1211 locos

159 1257 221 1321 hue
240 1260 418 1340 spectantes
436 1253 587 1339 collegit).
615 1253 697 1318 Tota
715 1253 772 1318 illa
791 1253 936 1319 doctrina
948 1252 1105 1336 repetitur
1118 1273 1168 1336 ap.
1183 1251 1329 1318 Eustath.

159 1362 377 1446 p.1330,1o.
401 1357 492 1425 ἔστιν
516 1351 731 1444 ὠμογέρων
755 1363 824 1423 κτλ.
846 1358 898 1439 (fr.
918 1357 1009 1444 334),
1032 1359 1087 1424 sed
1110 1357 1165 1435 ita,
1188 1364 1226 1423 ut
1250 1358 1331 1424 alter

159 1470 246 1536 locus
275 1489 314 1533 ex
340 1467 422 1532 libro
450 1467 528 1551 περὶ
550 1470 771 1552 βλασφημιῶν
798 1487 869 1531 eum
892 1469 1000 1530 nostro
1023 1463 1259 1530 contaminatus
1282 1465 1331 1541 sit,

160 1583 193 1641 et
220 1577 279 1652 ita,
311 1579 347 1638 ut
374 1573 533 1637 lemmatis
560 1572 802 1656 Aristophaneis
835 1571 1005 1655 explicatio
1032 1571 1178 1636 addatur.
1224 1569 1331 1636 Habes

161 1703 251 1748 voces
266 1679 527 1763 Aristophaneus:
543 1669 736 1764 oo'poye'ouor,
751 1669 860 1760 ἑφθὸς
874 1677 983 1763 γέρων
997 1677 1050 1762 (cf.
1060 1678 1171 1743 Nauck
1179 1699 1211 1762 p.
1221 1677 1332 1763 98sq.)

160 1782 348 1874 acceditur
357 1785 399 1872 3);
432 1806 539 1851 omnes
567 1807 606 1850 ex
628 1786 711 1850 libro
735 1777 886 1868 ρ’νόματο
908 1777 1049 1849 έλικιαλν
1072 1787 1279 1869 depromptas
1302 1790 1333 1850 et

162 1893 371 1976 explicatione
393 1891 579 1957 illustratas.
624 1892 778 1957 Ultimam
800 1913 875 1957 vero
897 1912 1006 1958 vocem
1028 1891 1139 1958 Aelius
1161 1893 1332 1977 Dionysius

161 2003 229 2084 ipse
247 1998 440 2063 inlustravit:
464 1995 534 2061 ἐστὶ
558 1997 594 2062 δὲ
617 1995 841 2083 προιιόλιος
864 1989 950 2063 κατὰ
969 1996 1089 2063 Αἴλιον
1108 1994 1290 2065 Διονύσιον
1314 1990 1332 2062 ὃ

161 2111 294 2172 θᾶττον
312 2105 369 2168 καὶ
386 2095 455 2189 πρὸ
473 2110 535 2168 τοῦ
556 2104 693 2181 δέοντος
710 2097 830 2182 πολιὰς
850 2100 1004 2191 ἐσχηκώς.
1021 2143 1063 2152 -
1082 2105 1206 2170 Deinde
1225 2111 1333 2171 autem

162 2214 273 2279 eodem
296 2211 329 2275 in
352 2210 529 2294 fragmento
555 2212 759 2297 βλασφημίαι
781 2207 952 2297 γερόντων
975 2213 1194 2276 adnectuntur.
1237 2210 1333 2277 (lata-

162 2320 253 2403 logus
276 2318 330 2383 ille
354 2313 509 2404 (Κρόνοι,
533 2308 689 2399 Ἰαπετοὶ,
712 2319 861 2403 Σαιιροὶ,
884 2316 1132 2404 βεκκεσέληνοι,
1158 2317 1333 2404 πρωτοσέ-

164 2430 269 2512 ληνοι,
287 2425 562 2511 τομβογέροντες)
581 2425 675 2509 plane
693 2426 831 2490 concinit
849 2445 919 2490 cum
938 2424 1065 2491 Sueten.
1079 2445 1128 2508 ap.
1139 2424 1217 2489 Mill.
1226 2447 1257 2509 p.
1267 2425 1334 2490 423

164 2534 199 2621 (i.
218 2555 243 2597 e.
263 2554 333 2596 cum
351 2531 565 2616 Aristophane
583 2533 661 2615 ipso,
684 2552 777 2616 quem
796 2531 964 2597 Suetonius
987 2531 1236 2618 compilaverat).
1279 2530 1334 2597 Se-

164 2645 304 2722 quuntur
330 2637 617 2724 ταρεξηυλημένοι
644 2637 837 2715 cinoth,
867 2659 948 2722 quae
975 2659 1035 2703 vox
1062 2638 1130 2703 sola
1157 2638 1336 2722 explicatur

165 2745 265 2832 (apud
283 2745 336 2810 Ar.
356 2745 428 2828 Byz.
448 2745 617 2828 explicatio
636 2745 749 2831 deest).
772 2745 896 2809 Deinde
913 2765 963 2827 ap.
977 2744 1056 2809 Mill.
1075 2742 1147 2808 Mel.
1167 2750 1232 2811 tres
1251 2746 1335 2829 glos·

165 2873 228 2927 sae,
251 2855 283 2915 et
305 2851 393 2934 ipsae
416 2852 603 2935 explicatae,
627 2857 800 2934 sequuntur
824 2846 1072 2936 (θαλλοφόρος,
1094 2845 1253 2938 γράπτης,
1277 2874 1334 2917 το-

166 2956 351 3042 φογέρων),
384 2977 465 3039 quae
493 2958 527 3022 in
559 2963 706 3041 excerpto
734 2958 946 3023 Eustathiano
979 2958 1208 3023 desiderantur.
1255 2959 1336 3024 Tum

165 3063 318 3128 habemus
342 3057 573 3148 σορότιλιμιτος
597 3069 629 3128 et
651 3061 830 3150 σοροπλήξ,
853 3084 934 3147 quae
954 3059 1166 3148 σκωμμάτων
1184 3065 1227 3129 ad
1245 3086 1337 3132 senes

165 3169 402 3252 respicientium
424 3189 537 3252 agmen
560 3169 786 3235 Suetonianum
809 3171 968 3236 claudunt.
1013 3171 1108 3254 Apud
1131 3170 1337 3238 Eustathium

166 3297 264 3341 unum
297 3280 438 3358 σκῶμμα
468 3276 614 3354 adicitur,
642 3276 804 3363 σορέλλην
832 3277 935 3364 (cuius
962 3278 1116 3359 originem
1144 3298 1183 3342 ex
1209 3277 1336 3345 Aristo·

166 3380 281 3465 phanis
303 3381 547 3449 Daetalensibus
574 3385 749 3465 ducendam
777 3406 844 3449 esse
873 3384 983 3450 Galen.
1005 3383 1090 3448 XIX.
1112 3405 1142 3467 p.
1162 3384 1214 3450 66.
1238 3385 1338 3451 Kiihn

256 3633 277 3700 1)
297 3629 468 3699 Genealogia
491 3647 525 3686 ex
545 3633 569 3683 Z
586 3633 637 3686 152
660 3632 831 3700 deprompta.
870 3631 1000 3687 Corintho
1019 3632 1205 3703 Bellerophon
1227 3633 1258 3689 in
1281 3635 1337 3706 Ly·

169 3721 239 3775 ciam
257 3719 467 3789 transmigrarit
484 3718 579 3788 ibique
602 3735 653 3773 rex
676 3719 766 3774 fuctus
786 3725 828 3774 est
847 3720 892 3788 (cf.
905 3721 1007 3775 Herod.
1020 3722 1041 3774 I.
1056 3722 1118 3792 147)
1138 3721 1254 3791 eiusque
1272 3738 1337 3792 pro·

168 3809 209 3863 les
229 3809 354 3864 Corinthi
378 3804 530 3874 έστόξενοι
549 3808 675 3877 fuerunt,
705 3809 777 3878 quod
796 3809 881 3864 Arist.
900 3808 1017 3864 fortasse
1041 3825 1076 3865 ex
1096 3812 1197 3866 2209.
1208 3827 1248 3881 sq.
1269 3812 1337 3868 effe·

169 3903 254 3953 cerat.

258 3987 279 4057 ²)
292 3988 461 4056 Fragmenta
475 4003 519 4057 ap.
532 3987 637 4043 Nauck.
651 4005 677 4058 p.
691 3989 822 4044 88—127.
836 3987 906 4042 Mill.
921 3989 986 4043 Mel.
1000 4005 1027 4057 p.
1038 3989 1187 4044 eas-431.
1202 3989 1236 4044 cf.
1251 3990 1337 4060 celin,

169 4075 263 4145 Suppl.
277 4075 339 4130 XII.
353 4078 502 4130 298-311.

259 4163 278 4231 ³)
297 4158 454 4228 ὑποπόλιος
477 4165 584 4221 Nauck.
603 4183 630 4236 p.
649 4168 691 4221 97.
708 4172 765 4221 not.
780 4167 822 4220 20.
839 4167 970 4221 mendum
989 4182 1050 4221 esse
1074 4167 1195 4222 coniecit
1217 4172 1246 4223 et
1268 4184 1337 4240 προ-

169 4246 269 4316 πόλιος
281 4269 324 4321 ap.
338 4253 483 4322 Lexicogr.
498 4258 527 4308 et
544 4255 623 4309 Eust.
635 4255 771 4309 restituit:
791 4270 841 4324 ego
854 4250 1019 4325 προπόλιος,
1039 4249 1198 4321 ὑποπόλιος
1214 4256 1338 4313 scriben-

170 4343 235 4396 dum
254 4356 314 4396 esse
333 4347 409 4412 puto,
428 4341 653 4397 cf.Poll.II.12.
