3000 5040
728 250 789 318 221

163 400 245 475 ἄντ’
266 402 372 475 αὐτοῦ
390 401 430 475 τά
451 407 626 497 ἐπριάμην,
649 412 760 475 καίτοι
779 412 835 476 καὶ
854 403 1018 477 αἰνεῖσθαι
1036 413 1093 476 καὶ
1112 404 1267 498 ω’νήσατο
1286 415 1342 478 καὶ

164 510 364 600 ὠνούμενος
386 517 443 580 καὶ
465 508 507 581 τά
531 509 615 581 ἄλλα
638 516 800 602 λέγοντες.

259 623 333 688 334.
366 623 536 690 Eustath.
556 647 585 706 p.
608 624 706 700 1330,
727 626 776 689 10.
810 619 901 688 ἔστιν
925 616 1175 710 αάμογέραννῑ)
1199 617 1218 691 ὃ
1241 623 1341 712 μήπω

165 730 380 816 καθεψηθεὶς
407 731 464 794 καὶ
492 725 566 795 οἷον
594 722 702 811 ἑφθὸς
729 737 779 815 τοῦ
805 725 889 818 γήρᾳ
916 726 1109 815 γενόμενος,
1137 723 1158 817 ἢ
1186 728 1204 797 ὁ
1233 726 1343 818 άωρος

166 837 226 900 καὶ
250 827 387 920 στερρὸς
410 836 467 900 καὶ
490 828 631 923 σκληρὸς
654 838 711 900 καὶ
733 832 834 922 μήποο
857 835 993 917 πέπαον,
1021 836 1057 917 έξ
1084 827 1125 903 οὗ
1153 830 1172 903 ὁ
1195 839 1341 923 πέμπε·-
1371 863 1383 900 ο

168 944 281 1028 λοςῗ).
307 942 466 1029 ζητητέον
482 942 518 1007 δὲ
532 942 559 1006 εἰ
573 935 700 1009 ταύτόν
715 941 806 1008 ἐστιν
825 934 1042 1027 ὠμογέροντα
1061 942 1168 1009 εἰπεῖν
1186 947 1243 1010 καὶ
1261 968 1343 1030 προ·

169 1045 303 1116 πόλιον.
347 1045 417 1114 έστι
445 1049 481 1114 δὲ
508 1045 769 1134 προπόλιοςθ)
798 1040 884 1114 κατά
912 1047 1055 1114 Α’ἰλιον
1082 1047 1296 1116 Διονύσιον
1324 1044 1342 1116 ὁ

170 1162 304 1222 θᾶττον
327 1157 384 1220 καὶ
406 1148 474 1239 πρὸ
497 1161 559 1221 τοῦ
579 1155 715 1232 δέοντος
733 1147 854 1233 πολιάς
873 1151 1026 1241 ἐσχηκώς.
1052 1148 1135 1221 άλλά
1159 1157 1343 1241 ταῦταμὲν

171 1255 283 1346 άψογα
306 1255 511 1346 πρεσβυτικά
535 1254 693 1346 ὀνόματα.
724 1260 761 1326 έν
785 1262 820 1327 δὲ
843 1261 916 1349 ἰδέη
940 1258 1174 1348 σκώμματος4)
1197 1266 1343 1350 βλασφη-

170 1373 314 1451 μοῦνται
338 1365 370 1432 οἱ
393 1363 485 1434 πάνυ
507 1368 662 1454 γέροντες
684 1365 824 1454 Κρόνοι,
847 1360 998 1448 Ἰαπετοὶ,
1024 1370 1186 1449 Τιθσονοὶ,
1211 1371 1343 1454 σαπροὶ,
1359 1394 1383 1434 ιο

172 1473 422 1561 βεκκεσέληνοι,
450 1476 717 1562 πρωτοσέληνοι,
745 1473 1021 1559 τυμβογέροντες,
1049 1476 1343 1563 παρεξηυλημέ-

171 1571 379 1667 νοι1)άπερ
404 1577 494 1646 ’έστιν
518 1573 584 1647 ὑπὸ
608 1578 717 1668 γήρως
740 1573 881 1666 άχρεῐοι,
909 1574 955 1658 ὡς
982 1574 1050 1646 άπὸ
1079 1580 1344 1668 ἐκτετριμμένον

170 1688 369 1770 γλωσσίάαιν
403 1679 523 1768 αὐλοῦ,
556 1684 604 1753 έτι
638 1688 673 1753 δὲ
703 1693 910 1774 σοροπλῆγες
941 1689 998 1752 καὶ
1030 1684 1257 1775 σορόπληκτοι
1287 1692 1344 1756 καὶ

172 1792 462 1880 σορέλληνεςΰ),
485 1795 563 1879 περὶ
582 1783 623 1860 οὗ
641 1796 698 1860 καὶ
720 1791 931 1881 προεγράφη·
955 1790 1079 1860 τούτου
1104 1794 1140 1860 δὲ
1163 1797 1219 1861 καὶ
1242 1801 1344 1882 θηλο-

172 1895 248 1979 κόν,
273 1917 365 1981 φασι,
389 1899 445 1966 ἐπὶ
466 1897 657 1987 πρεσβύτου
680 1893 742 1987 τὴν
767 1901 928 1987 σορέλλην
953 1892 1167 1986 άνάκρουσιν.
1192 1899 1225 1967 οἱ
1249 1901 1285 1968 δὲ
1303 1896 1345 1968 τά
1360 1925 1384 1966 ιι

169 2012 312 2071 τοιαῦτα
334 2002 558 2094 γράψαντεςῖ)
577 2009 634 2073 καὶ
652 2011 790 2073 λαλοῦσι
813 2008 870 2072 καὶ
888 2008 964 2091 περὶ
988 2010 1154 2088 Τιθωνοῦ,
1173 1998 1226 2074 ὅτι
1243 2032 1280 2074 τε
1300 2008 1346 2087 εἰς

168 2111 305 2198 τέττιγα
326 2109 524 2200 μετεβλήθη,
547 2115 604 2179 καὶ
623 2105 676 2180 ὅτι
695 2113 732 2179 έν
750 2111 886 2200 ταλάρῳ
909 2105 930 2200 ἢ
953 2111 1112 2198 κρατάλῳ
1136 2113 1169 2202 (l.
1188 2111 1345 2201 καρτάλῳ

170 2217 211 2282 cf.
231 2219 307 2284 Mill.
328 2218 399 2284 Mel.
418 2221 437 2284 1.
456 2220 491 2307 l.)
511 2217 710 2307 ἐκρεμάσθη.

263 2325 337 2390 335.
366 2326 537 2392 Eustath.
552 2349 581 2410 p.
603 2328 698 2405 1324,
717 2327 768 2392 38.
797 2319 1079 2412 αθτοκάταξιςῑ)
1099 2319 1185 2392 κατά
1204 2327 1344 2393 Αἴλιον

170 2427 388 2498 Διονύσιον
406 2425 674 2510 ὠτοθλαδίας·
699 2426 741 2499 τά
760 2421 830 2498 σάτα
844 2435 1073 2518 τεθλασμένος
1092 2432 1128 2498 ἐν
1147 2435 1343 2521 παλαίστρᾳ.
1358 2458 1386 2497 ιο

219 2684 280 2738 334.
300 2682 400 2737 Totum
418 2682 516 2751 locum,
537 2683 585 2752 qui
603 2684 766 2753 plerumque
786 2699 820 2738 ex
835 2686 881 2738 Ar.
897 2685 963 2755 Byz.
977 2682 1057 2739 fluxit
1075 2684 1120 2754 (ci.
1139 2684 1245 2739 Nauck.
1260 2699 1288 2753 p.
1302 2684 1344 2739 88.

171 2773 218 2827 98.
237 2771 308 2826 Mili.
328 2772 393 2826 Mel.
413 2790 439 2840 p.
458 2773 520 2827 423.
540 2773 610 2839 429),
630 2771 676 2826 hic
695 2771 812 2839 inserui,
838 2774 909 2841 quod
928 2773 1059 2828 nonnulla
1077 2773 1142 2828 inde
1161 2773 1190 2828 in
1209 2773 1345 2829 atticiste·

170 2876 233 2914 rum
252 2860 355 2916 scrinia
374 2862 551 2925 transierunt,
572 2860 606 2914 cf.
626 2861 697 2915 Proi.
716 2877 742 2930 p.
762 2861 805 2916 19.
824 2863 866 2916 46.

264 2952 285 3016 ¹)
305 2949 346 3004 01.
365 2966 392 3018 p.
413 2950 699 3017 1784,19.1762,17.
718 2950 784 3004 Hes.
800 2949 874 3004 Suid.
894 2950 939 3004 Et.
959 2951 996 3003 M.
1012 2950 1074 3021 821,
1087 2952 1130 3007 48.
1150 2952 1217 3006 Lex.
1232 2951 1345 3007 Beehm.

171 3038 235 3103 421,
254 3039 297 3093 20.
316 3038 452 3092 Valcken.
471 3037 617 3093 Animadv.
638 3040 674 3092 ad
692 3039 816 3094 Ammon.
836 3056 863 3108 p.
883 3040 925 3095 54.

264 3127 285 3197 ⁹)
305 3127 345 3182 01.
360 3126 394 3181 fr.
410 3128 478 3194 137,
498 3127 533 3182 ο1.
549 3127 623 3182 Suid.
638 3128 703 3181 Hes.
717 3128 763 3181 Et.
779 3129 839 3195 660,
854 3129 879 3182 6.
892 3129 952 3194 230,
968 3129 1115 3184 3280101.
1131 3129 1268 3201 Lycophr.
1284 3130 1345 3185 682.

264 3215 286 3281 1)
306 3215 346 3271 01.
365 3216 465 3270 Nauck
483 3218 530 3270 Ar.
550 3218 614 3286 Byz.
634 3233 660 3285 p.
680 3215 722 3270 97.
742 3222 798 3271 not.
818 3217 860 3271 20.
880 3219 981 3272 Athen.
1003 3218 1076 3274 XIV.
1095 3219 1181 3274 6220.

264 3304 287 3374 ⁴)
307 3304 365 3372 Quo
389 3304 419 3359 in
442 3306 568 3374 catalogo
592 3305 766 3360 desideratur
791 3300 988 3377 θαλλοφόροςε
1012 3308 1099 3362 habes
1122 3323 1167 3378 ap.
1190 3307 1261 3362 Mill.
1280 3305 1346 3363 Mel.

174 3410 201 3462 p.
220 3392 282 3447 423.
307 3392 347 3447 01.
367 3391 399 3447 fr.
419 3394 479 3448 200.
499 3400 554 3449 not.
576 3396 599 3448 1.

264 3482 285 3549 ⁶)
304 3481 462 3550 Explicatio
476 3484 558 3551 vocis,
578 3499 658 3552 quam
673 3485 720 3538 Ar.
733 3484 798 3553 Byz.
818 3499 861 3538 ex.
877 3486 925 3539 Ar.
941 3485 1010 3540 Ach.
1030 3484 1080 3539 681
1101 3483 1279 3553 deprompsit,
1299 3483 1346 3537 de·

175 3571 256 3625 betur
279 3570 418 3626 atticistis.
452 3571 534 3626 Conv.
558 3573 635 3627 Phot.
660 3571 735 3627 Suid.
760 3573 826 3626 Hes.
850 3573 895 3626 Et.
919 3573 957 3626 M.
975 3573 1042 3637 348,
1062 3575 1104 3627 27.
1130 3572 1170 3628 01.
1190 3571 1280 3629 Schol.
1298 3573 1346 3627 Ar.

174 3659 243 3713 Aeh.
263 3658 323 3714 681.
342 3659 410 3714 Poll.
430 3660 477 3715 IV.
497 3661 539 3716 73.

265 3747 285 3816 ⁶)
303 3748 365 3803 Non
383 3749 503 3803 recurrit
521 3750 550 3803 in
570 3750 709 3818 excerptis
724 3749 943 3819 Aristophaneis.
971 3748 1130 3818 Explicetio
1145 3750 1262 3804 debetur
1280 3748 1346 3804 atti·

176 3835 261 3903 cistis,
281 3836 315 3892 cf.
335 3837 462 3892 Eustath.
481 3855 507 3907 p.
529 3839 604 3902 1289,
625 3839 666 3892 16.
691 3826 770 3903 άααξ
788 3835 827 3902 δέ,
849 3855 944 3907 φασιν,
965 3833 1092 3892 ἐνταῦθα
1111 3832 1127 3905 ἡ
1147 3835 1223 3903 λέξις
1240 3831 1346 3908 (σορός)

177 3919 286 3997 εἴρηται
304 3928 345 3998 τῷ
365 3929 480 3995 ποιητῇ,
500 3921 553 3995 ἀφ’
573 3917 606 3994 ἧς
625 3928 674 3980 καὶ
693 3923 828 3997 σορέλλην
847 3922 918 3997 παρ’
936 3921 1128 3998 Ἀριστοφάνει
1153 3923 1193 3990 εἰς
1216 3923 1346 3996 γέροντα,

177 4009 215 4078 ὡς
234 4011 269 4068 έν
288 4012 463 4088 ῥητορικῷ
483 4011 627 4084 εὕρηται
646 4018 781 4087 λεξικῷ.
810 4016 891 4071 Conv.
908 4017 985 4070 Phot.
1000 4016 1066 4070 Hes.
1082 4015 1224 4085 Aristoph.
1237 4015 1271 4070 fr.
1288 4016 1346 4071 198.

176 4103 263 4159 Kock.
282 4104 398 4172 Diogen.
418 4104 453 4158 ΙΙ.
473 4106 515 4159 58.
541 4104 580 4158 01.
599 4104 671 4159 Prol.
691 4122 717 4174 p.
739 4108 780 4159 19.

266 4193 286 4258 ἵ)
305 4194 350 4247 Ad
369 4193 583 4262 Aristophanem
603 4194 684 4256 redit,
703 4193 737 4248 ef.
757 4193 829 4248 Mill.
849 4194 914 4248 Mel.
934 4210 960 4262 p.
980 4194 1041 4248 423.

220 4282 281 4337 335.
300 4283 323 4351 1)
341 4283 423 4338 Conv,
442 4283 508 4338 Hes.
533 4282 572 4338 01.
592 4282 666 4337 Suid.
686 4284 718 4337 B.
737 4284 770 4337 A.
791 4284 850 4348 116,
865 4284 908 4337 32.
927 4282 995 4337 Poll.
1014 4282 1050 4336 II.
1069 4283 1112 4337 83.
1131 4282 1179 4337 IV.
1198 4282 1258 4336 144.
1278 4277 1348 4335 ὠτο-

177 4371 321 4437 καταξέοις.
349 4371 393 4425 Et.
413 4373 451 4427 M.
471 4373 532 4439 826,
551 4373 593 4427 29.
612 4372 643 4426 B.
662 4373 697 4426 A.
715 4371 777 4439 287,
797 4373 838 4426 12.
858 4372 958 4442 Phryn.
978 4371 1044 4427 Lob.
1064 4388 1091 4440 p.
1110 4372 1170 4427 628.
