3000 5040
639 283 681 347 29

77 439 189 523 glossis
212 439 444 505 concedendum
473 462 540 506 esse
563 447 653 525 puto,
681 463 761 526 quae
789 442 885 506 etiam
912 442 995 524 apud
1020 441 1168 507 Photium
1192 463 1243 507 ce-

77 553 280 629 terarumque
303 567 416 630 agmen
440 554 642 614 coacervatae
665 553 782 614 extant.

166 653 259 720 Tales
285 654 406 738 glossas
432 653 496 719 iam
528 656 613 739 apud
645 655 802 721 atticistas
833 675 897 719 non
929 653 1066 721 defuisse
1097 660 1130 720 et
1162 656 1243 721 exii-

76 761 153 826 tisse
179 760 212 824 in
239 760 414 826 Pausaniae
440 761 540 827 lexico
568 784 590 829 s.
613 784 639 826 v.
665 753 847 827 ἀνάστατοι
874 760 1023 846 (fortasse
1051 782 1090 826 ex
1116 762 1244 847 Didymi

76 865 176 932 lexico
194 867 312 934 comico
325 889 382 951 per
390 869 592 952 Pamphilum
605 870 646 934 ad
659 868 751 935 Paus.
761 869 903 953 pervenit
916 868 954 934 οί.
964 868 1038 952 Cap.
1047 869 1084 934 V.
1094 871 1114 950 ξ
1124 869 1168 956 2.)
1181 871 1245 936 iam

77 972 164 1041 Suid.
191 997 215 1040 s.
238 999 264 1040 v.
293 966 475 1042 ἀνάστατοι
498 978 602 1053 docet,
630 998 722 1060 quem
749 976 891 1042 conferas
918 999 990 1042 cum
1011 977 1169 1042 Pausania
1195 998 1244 1062 ap.

164 1081 253 1148 Eust.
267 1104 297 1166 p.
319 1082 413 1160 1165,
431 1083 485 1171 (fr.
504 1083 555 1148 51.
575 1083 634 1171 94)
777 1081 876 1148 Suid.
900 1074 1127 1149 άνάστατοι.
1159 1087 1244 1149 πλα-

77 1178 149 1252 ὁδὲ
168 1226 209 1236 -
229 1189 458 1266 Παυσανίας
476 1188 563 1273 λέγει
577 1190 634 1255 καὶ
688 1196 831 1268 κοῦντος
846 1185 941 1267 εἶδος.
966 1176 1063 1255 οὗτοι
1078 1189 1114 1255 δὲ
1130 1181 1245 1266 αὐταῖς

77 1284 130 1359 ὅτι
158 1292 193 1360 αἱ
221 1291 376 1383 ῥηθεῖσαι
404 1301 565 1384 σελῆναι
591 1287 633 1362 τά
686 1308 760 1375 ταῖς
769 1289 972 1384 ἀρρηφόροις
987 1295 1149 1382 ἐγίνοντο.
1173 1295 1243 1362 έλέ-

75 1401 230 1487 πέμματα
244 1403 301 1468 καὶ
318 1401 485 1469 πέλανοι
504 1402 633 1488 έλέγον-
686 1426 788 1489 γοντα
804 1404 842 1469 δέ
853 1427 942 1481 τινες
959 1408 1170 1482 πλακοῦντες
1187 1406 1245 1469 καὶ

75 1531 131 1589 το,
163 1510 218 1575 καὶ
251 1499 304 1575 ὅτι
330 1506 513 1594 πεμμάτων
546 1505 634 1588 εἶδος
685 1512 860 1596 χαρίσιοι
884 1562 890 1575 .
911 1563 918 1575 .
939 1560 973 1575 ..
1001 1508 1034 1576 οἱ
1063 1510 1099 1577 δὲ
1127 1502 1244 1595 άμφι-

76 1616 133 1680 καὶ
156 1614 194 1680 οἱ
221 1607 439 1682 άνάστατοι
465 1623 633 1684 πλακοῦν-
688 1624 842 1700 φῶντας
866 1669 872 1682 .
893 1670 899 1683 .
921 1669 928 1682 .
948 1670 954 1682 .
976 1624 1099 1700 φθοῖς
1122 1617 1160 1683 δέ
1181 1616 1244 1683 εἰσι

75 1745 144 1802 τες,
170 1724 228 1787 καὶ
255 1720 292 1787 οἱ
316 1725 490 1809 χαρίσιοι
516 1726 574 1790 καὶ
601 1722 635 1790 οἱ
685 1714 971 1810 πέμματαάτοῑς
983 1729 1078 1802 θεοῖς
1091 1726 1149 1790 καὶ
1160 1715 1243 1809 μετὰ

76 1819 346 1913 άμφιφιῆντες,
369 1832 425 1897 καί
446 1827 568 1914 oddag
587 1831 634 1913 δέ,
687 1837 758 1895 τῶν
773 1827 972 1916 σπλάγχνων
991 1828 1108 1913 έθυον,
1125 1831 1243 1897 πέλα-

76 1952 171 2022 φησι,
207 1935 361 2020 πέμματα
395 1930 478 2023 μετά
511 1934 632 2024 σπλάγ-
687 1961 749 2002 νοι
769 1939 805 2004 de
822 1928 865 2003 τὰ
880 1936 927 2016 είς
939 1939 1065 2004 θυσίαν
1079 1937 1244 2022 πέμματα,

72 2067 166 2128 χνοον
194 2039 377 2128 ἐσθιόμενα
403 2045 437 2131 (l.
466 2040 632 2132 θυόμενα)
686 2041 848 2110 πόπανα
893 2045 929 2111 δὲ
975 2041 1243 2133 (calamorum)

74 2155 146 2216 κτλ.
172 2190 212 2199 -
685 2151 815 2216 πλατέα
842 2153 899 2217 καὶ
925 2144 1031 2218 λεπτά
1064 2154 1121 2218 καὶ
1151 2173 1243 2237 περι-

686 2258 793 2344 φερῆ)
811 2260 869 2323 καὶ
888 2257 924 2324 έν
938 2250 1085 2346 Ἐρεχθεῖ
1102 2249 1162 2335 τάς
1181 2274 1242 2323 σε·

685 2360 804 2452 λήνας
830 2361 999 2443 πελάνους
1021 2364 1153 2451 είρηκεν
1176 2355 1242 2429 Εὗ-

684 2473 824 2558 οιπίιίης.
849 2471 902 2558 (fr.
926 2470 1000 2536 352.
1022 2471 1156 2557 Nauck).

164 2578 250 2658 Quos
277 2578 374 2655 locos,
407 2580 434 2643 si
462 2579 705 2661 comparaveris,
736 2578 829 2644 facile
859 2578 998 2644 animum
1024 2579 1153 2644 induces
1180 2577 1241 2663 (iia

73 2683 190 2751 Rindil.
212 2707 242 2768 p.
269 2684 357 2770 100),
378 2684 582 2750 Eustathinm
605 2706 662 2750 sua
685 2707 723 2751 ex
745 2686 805 2751 hac
826 2705 891 2750 una
911 2684 1086 2751 Pausaniae
1108 2685 1240 2751 adnota-

73 2792 161 2858 tione
183 2791 442 2876 transsoripsisse.
483 2791 578 2857 Haud
600 2791 779 2858 abnuerim:
803 2813 993 2878 quamquam
1014 2792 1048 2857 id
1070 2814 1168 2857 unum
1190 2812 1240 2857 re·

74 2898 270 2964 cordandum
293 2906 352 2977 est,
375 2899 472 2964 etiam
494 2900 536 2964 ad
559 2899 682 2983 singula
704 2900 761 2964 illa
782 2899 919 2965 liborum
940 2920 1058 2983 genera
1078 2899 1199 2982 glossas
1221 2920 1241 2964 a

72 3005 304 3090 lexicographis
327 3012 468 3072 servatas
491 3027 572 3082 esse3
595 3011 632 3070 ut
654 3007 695 3072 ad
719 3010 854 3092 σιλῆναι
876 3028 925 3092 ap.
943 3006 1034 3073 Phot.
1053 3006 1126 3071 Hes.
1145 3005 1240 3082 Suid.,

74 3103 257 3179 άνάστατοι
285 3112 371 3180 Suid.
399 3113 487 3191 Hcs,
515 3106 732 3198 άμφιφώντες
759 3114 796 3179 cf.
824 3113 862 3180 fr.
889 3113 941 3179 51.
965 3136 989 3180 ο.
1012 3113 1109 3191 notis,
1136 3118 1240 3195 φθοῖς

74 3218 113 3286 cf.
136 3219 174 3286 fr.
198 3220 250 3298 94,
272 3226 336 3286 not.
362 3221 396 3298 8,
420 3225 452 3286 et
474 3220 550 3298 alia,
573 3222 710 3306 quaein
732 3221 816 3286 notis
840 3221 1097 3286 enumeravimus.
1143 3219 1240 3284 Aliud

73 3331 181 3393 autem
208 3328 339 3393 accedit.
385 3327 558 3393 Pausanias
582 3329 665 3394 enim
687 3327 794 3412 paullo
822 3333 896 3394 anie
919 3328 1021 3394 locum
1044 3347 1141 3411 supra
1163 3326 1242 3391 alla-

73 3438 142 3498 tum
164 3433 328 3512 laudatur,
355 3433 463 3517 ibique
490 3434 692 3518 proverbium
713 3439 794 3515 βοῦς
817 3431 957 3519 έβδομος
980 3434 1129 3518 explicat,
1156 3435 1242 3516 quod

72 3561 144 3606 cum
176 3543 274 3607 sacris
300 3541 455 3625 placentis
482 3544 683 3607 coniunctum
710 3542 807 3608 fuisse
833 3543 1010 3608 luculenter
1037 3544 1242 3617 demonstrat,

72 3647 157 3713 unde
184 3648 348 3734 episcopus
379 3648 472 3715 facile
503 3650 544 3715 ad
573 3655 679 3716 cetera
705 3650 842 3716 liborum
870 3670 987 3734 genera
1017 3647 1242 3730 transmigrare

72 3754 186 3839 potnit.

161 3860 210 3928 Ne
238 3863 278 3928 de
305 3862 464 3929 Pausania
494 3865 713 3930 tantummodo
741 3862 837 3929 verba
868 3862 1020 3929 faciamus
1047 3861 1242 3945 eundemque

73 3969 108 4033 in
131 3989 280 4047 errorem,
303 3991 397 4054 quem
415 3970 533 4036 Cobeto
557 3971 686 4054 eiusque
709 3970 898 4036 satellitibus
921 3969 1101 4044 obiecimus,
1124 3968 1242 4032 incida-

72 4097 156 4154 mus,
184 4076 280 4142 etiam
308 4078 348 4141 de
371 4077 453 4142 Aelii
476 4077 620 4162 Dionysii
647 4078 759 4162 glossis
786 4076 920 4141 similem
947 4077 981 4141 in
1006 4076 1134 4140 modum
1157 4096 1241 4140 com-

72 4185 193 4266 paratis
220 4183 318 4249 verba
345 4183 491 4250 facienda
518 4190 619 4250 erunt.
664 4184 711 4250 Ao
733 4186 869 4269 primum
891 4182 1020 4266 quidem
1042 4204 1177 4267 provoco
1200 4183 1242 4247 ad

163 4418 183 4485 ¹)
201 4418 342 4473 Lacunam
361 4434 397 4472 ex
414 4418 488 4474 Suid.
508 4435 529 4473 s.
550 4435 573 4472 v.
593 4413 710 4471 πόπανα
730 4415 909 4487 explevimus.
