3000 5040
609 269 672 334 105

38 429 115 494 ήιαὶ
133 423 300 494 Διονύσου
318 419 417 493 κατὰ
435 429 668 494 Παυσανίαν
688 419 831 512 item)
851 425 954 512 (Euat.
972 418 1083 511 ἀλοία)
1102 431 1225 492 καλου-

53 535 140 622 μένη
164 526 219 600 διὰ
241 526 281 600 τὸ
304 545 377 610 ταῖς
399 525 563 619 ἀπαρχαῖς
583 533 653 623 [καὶ
669 530 813 618 μάλιστα
832 532 869 598 ἓν
891 525 1053 619 Ἀθήναις]
1078 524 1145 598 ἀπὸ
1168 540 1228 618 τῆς

55 632 131 706 ἀλα)
154 637 233 732 τότε
254 646 401 726 χρᾶσθαι
424 641 499 727 (sic)
522 640 689 725 φέροντας
714 639 760 717 είς
783 632 956 705 Ἐλευσῖνα.
981 634 1002 725 ἢ
1025 639 1099 705 ἐπεὶ
1122 631 1227 728 [καθὰ

55 749 115 812 καὶ
130 737 271 832 Ὅμηρος
293 744 458 833 ἐμφαίνει]
483 745 520 810 ἐν
544 737 671 811 ἀλωσιν
695 742 834 827 ἔπαιζον
851 738 937 810 κατὰ
955 738 1018 832 τὴν
1037 737 1168 832 ἑορτὴν,
1191 743 1228 810 ἒν

54 843 78 936 ᾗ
101 854 160 918 καὶ
182 854 398 929 Ποσειδῶνος
421 840 463 939 ἦν
484 849 610 939 πομπή.
645 845 713 918 ἀπὸ
736 859 799 918 τοῦ
822 853 1060 934 συναλίζεσθαι
1084 853 1119 918 δὲ
1143 851 1227 938 εἴρη·
1255 871 1268 911 ⁵

55 983 113 1024 ται
137 951 173 1044 [ἡ
192 957 347 1045 είρημένη
370 951 491 1043 ἁλούα],
515 949 601 1024 ὅθεν
624 961 681 1023 καὶ
704 950 801 1036 ἅλιος.

147 1065 201 1130 42.
232 1065 405 1130 Eustath.
424 1087 454 1148 p.
475 1066 553 1142 878,
573 1067 624 1130 21.
656 1066 885 1141 Παυσανίας
912 1057 1020 1130 εἰπών
1047 1067 1105 1129 καί
1128 1056 1228 1142 αὐτὸς
1286 1097 1289 1102 ·

55 1162 97 1236 τὸ
116 1169 180 1255 μὲν
199 1162 274 1255 ἅμα
290 1167 462 1256 χρονικόν,
484 1164 525 1236 τὸ
546 1172 582 1236 δὲ
602 1164 701 1256 ὁμοῦ
719 1174 777 1237 καὶ
792 1163 954 1256 χρονικύν
972 1173 1030 1236 καὶ
1047 1163 1227 1255 τοπικόνῑ)

56 1360 123 1419 ἀντὶ
146 1366 199 1420 τού
220 1361 374 1437 ἀποροῦσα
397 1369 446 1421 καί
468 1364 668 1438 ῥιπιαζομὲνη.
707 1369 878 1437 Βακχεῖος
899 1364 998 1434 μέντοι
1022 1362 1054 1420 ἐν
1072 1368 1115 1437 τῷ
1133 1370 1151 1419 ol
1170 1367 1229 1418 τῶν

55 1449 167 1520 λέξεών
180 1471 262 1523 φησι·
281 1450 315 1510 τὸ
328 1450 439 1510 ἀλύειν·
459 1451 616 1518 ἀδυνατεῖν,
632 1457 805 1518 πλανᾶσθαι,
825 1448 973 1525 ἀχθεσθαι
991 1457 1051 1508 κτλ.
1071 1454 1116 1520 (ci.
1130 1452 1226 1508 Galen.

55 1545 110 1599 vol.
129 1543 207 1597 XIX.
225 1560 252 1612 p.
273 1545 314 1598 75.
333 1545 427 1607 Ktthnl
446 1539 579 1610 ἀλύξει·
599 1538 765 1615 ῥιπιάζεται
785 1532 874 1606 οὕτως
892 1541 924 1597 δὲ
942 1544 991 1597 καί
1010 1538 1044 1596 τὸ
1063 1536 1160 1607 ἀλύξει
1180 1538 1228 1596 ἐπὶ

56 1635 110 1687 τοῦ
127 1629 284 1699 μέλλοντος
302 1628 419 1703 εἴρηται.
448 1628 614 1699 ἀλυσμὸν,
639 1621 713 1702 ὅπερ
736 1635 785 1686 καὶ
807 1624 909 1686 ἀλυσιν
927 1631 1056 1697 (fortasse
1079 1625 1156 1685 ἀλυν.
1190 1629 1225 1685 cf.

55 1721 124 1774 Hes.
144 1736 166 1775 s.
190 1738 216 1775 r.
239 1721 372 1790 Hippocr.
396 1721 445 1775 Ill.
465 1739 491 1790 p.
511 1723 582 1787 769.)
601 1720 636 1775 cl.
656 1721 731 1775 Erot.
751 1738 778 1789 p.
796 1723 844 1782 21,
864 1722 906 1775 19.
926 1721 972 1775 Kl.
996 1738 1059 1774 τινα
1083 1722 1133 1773 καί
1156 1715 1227 1774 ἀπο·

56 1809 130 1878 ρίαν,
150 1799 167 1863 ὃ
186 1805 218 1877 δὴ
239 1811 287 1863 καί
305 1805 467 1879 ῥιπτασμὸν
481 1812 601 1864 καλοῦσι
622 1802 705 1876 καὶὴ
726 1810 744 1876 †
763 1804 852 1878 ἀλύχη
872 1807 902 1863 δὲ
922 1804 1026 1864 ταύτὸν
1044 1812 1139 1862 τοῦτο.
1168 1807 1227 1862 Pri·

54 1913 131 1952 mam
154 1896 240 1966 igitur
262 1897 403 1954 Eustathii
430 1897 646 1966 explicationem
669 1898 744 1962 (Hes.
765 1914 786 1951 s.
806 1915 831 1952 v.
851 1893 957 1964 ἀλύειν)
984 1898 1135 1966 repetitam
1158 1902 1188 1951 et
1210 1913 1229 1951 a

55 1986 142 2041 verbo
156 1986 192 2041 ad
206 1985 408 2040 substantivum
420 1987 586 2041 translatam
598 1986 694 2040 habes.
713 1987 866 2041 Bacchium
885 1993 986 2051 autem,
1005 1990 1147 2041 auctorem
1159 1987 1227 2040 Ero·

55 2075 136 2142 tiani,
155 2073 269 2145 Didymi
287 2074 334 2128 vix
351 2074 487 2129 minorem
505 2073 591 2129 fuisse
609 2073 737 2129 Kleinius
755 2075 872 2143 aperuit.
890 2106 926 2116 —
945 2077 1074 2130 Fortasse
1093 2090 1136 2140 ea,
1156 2091 1227 2143 quae

55 2165 132 2233 apud
150 2163 228 2218 Euat
248 2164 266 2216 l.
285 2162 304 2217 l.
323 2162 405 2218 initio
428 2163 571 2232 disputata
589 2169 666 2232 sunt,
691 2163 727 2217 ad
745 2163 888 2218 Eustathii
910 2159 1009 2228 λεξικὰ
1028 2159 1165 2234 ῥητορικὰ
1183 2179 1227 2217 re-

55 2251 183 2307 vocanda
201 2255 274 2319 sunt,
293 2251 329 2306 cf.
347 2251 445 2320 fragm.
465 2253 525 2306 351.

100 2341 145 2394 41.
165 2343 188 2407 ι)
206 2339 354 2395 Simillima
368 2342 399 2394 B.
414 2342 447 2394 A.
463 2341 525 2408 384,
540 2342 583 2408 31,
602 2342 675 2396 unde
690 2341 784 2409 etiam,
804 2357 854 2395 cur
870 2339 1002 2394 nonnulla
1021 2357 1056 2394 ex
1070 2339 1227 2394 Pausaniae

54 2430 150 2498 glossa
168 2429 374 2494 removerimus,
393 2429 488 2485 statim
507 2446 664 2498 cognosces.
691 2431 754 2484 Non
773 2429 848 2483 enim
860 2429 1013 2484 Pausaniae
1031 2428 1151 2482 tribuam
1164 2445 1228 2482 eum

54 2511 138 2572 ἀλοία
152 2517 317 2572 femininum
330 2524 452 2587 putasse,
467 2523 500 2573 ut
513 2519 644 2588 episcopo
658 2519 772 2588 placuit.
802 2519 896 2572 Verba
907 2520 956 2571 καί
970 2513 1093 2585 μάλιστα
1108 2513 1140 2570 ἐν
1149 2509 1228 2584 Ἀθή-

55 2606 183 2670 ναιςὶειο
193 2605 286 2661 Meier
299 2605 370 2661 falso
385 2606 446 2662 loco
460 2608 552 2676 posita
562 2624 623 2662 esse
633 2608 712 2662 dixit,
731 2607 795 2662 Sive
805 2607 987 2671 extrudenda,
1002 2606 1069 2671 sive,
1084 2609 1116 2660 ut
1125 2604 1227 2659 Rindfl.

54 2695 153 2761 voluit,
172 2699 237 2765 post
249 2688 330 2750 ἆλῶα
343 2695 494 2750 inserenda
511 2701 583 2750 sunt.
621 2698 653 2750 In
672 2699 702 2750 B.
716 2698 749 2750 A.
763 2696 848 2750 velim
867 2696 988 2762 corrigas
1007 2695 1229 2762 συναυλίζεσθαι

55 2787 141 2852 (quod
164 2784 358 2839 Bachmannus
381 2784 478 2839 sedulo
501 2786 640 2850 servarit).
668 2785 871 2851 συναλίζεσθαι
893 2783 974 2837 unice
998 2799 1092 2837 verum
1116 2789 1172 2850 est,
1192 2783 1228 2838 cf.

55 2875 123 2928 Hes.
142 2889 164 2927 s.
183 2891 208 2928 r.
229 2874 425 2941 συναλισθελς,
445 2871 672 2941 συναλισθέντες,
691 2875 769 2927 Phot.
787 2875 855 2927 Lex.
874 2873 987 2926 Bachm.
1007 2873 1028 2925 l.
1047 2872 1108 2936 374,
1128 2873 1162 2926 15
1181 2888 1228 2928 συ-

54 2963 250 3030 ναλισθείσης,
270 2962 468 3031 συναχθείσης.
506 2963 580 3018 Suid.
600 2959 820 3025 συναλισθέντες
838 2966 867 3015 et
885 2960 1056 3030 saepissime.
1091 2961 1228 3027 (Glossam

55 3051 212 3115 συναλίσας
229 3051 303 3106 Suid.
319 3052 387 3106 Lex.
401 3053 515 3105 Bachm.
535 3054 556 3106 Ι.
570 3053 631 3119 374,
652 3054 693 3105 13.
714 3056 829 3120 propter
847 3052 995 3105 barbaram
1014 3049 1229 3118 explicationem

56 3133 184 3204 συνάξας
200 3139 420 3194 recentissimam
435 3156 497 3194 esse
517 3145 546 3194 ct
558 3140 723 3194 Graeculum
741 3139 853 3193 infimae
866 3139 968 3194 aetatis
981 3140 1109 3193 redolere
1122 3141 1229 3192 certum

55 3232 118 3296 est).
158 3228 286 3282 Alteram
305 3229 520 3297 explicationem
539 3230 624 3297 plane
643 3229 781 3283 diversam
800 3229 937 3297 praebent
954 3229 1041 3296 Harp.
1055 3228 1130 3282 Suid.
1150 3229 1181 3281 B.
1194 3229 1227 3281 A.

55 3317 118 3381 381,
134 3318 178 3384 14,
193 3323 223 3370 et
235 3333 298 3371 eam
311 3318 415 3386 optime
430 3324 568 3372 servatam
583 3317 673 3372 Schol.
688 3319 755 3371 Luc.
770 3317 844 3371 Dial.
860 3333 926 3371 mer.
937 3318 1007 3383 (Vol.
1019 3317 1066 3370 IV.
1076 3317 1137 3371 245.
1147 3317 1229 3370 Jaco-

55 3405 124 3472 bitz)
137 3398 218 3459 ἆλῶα
233 3400 318 3477 ἑορτή
335 3403 413 3460 ἐστιν
419 3402 567 3474 Ἀθήνησιν
578 3404 766 3476 [περιέχουσα
775 3401 917 3475 μυστήρια
927 3401 1076 3475 Δήμητρος
1084 3407 1133 3458 καί
1142 3400 1230 3475 κόρης

55 3497 106 3548 καί
125 3489 267 3549 Διονύσου
286 3491 334 3549 ἐπὶ
352 3499 387 3563 τῇ
404 3499 478 3564 τομῇ
496 3498 546 3562 τῆς
567 3493 696 3562 ἀμπέλου
715 3497 763 3548 καί
781 3498 817 3563 τῇ
836 3490 933 3564 γεύσει
946 3496 998 3549 τοῦ
1013 3489 1092 3548 οἴνου
1111 3495 1229 3547 καὶτῶν

55 3574 152 3636 ἀλλων
165 3583 307 3653 καρπῶν]
331 3578 489 3653 Φιλάχορος
501 3581 532 3637 σε’
552 3600 638 3652 φησιν
651 3580 850 3650 ὀνομασθῆναι
864 3579 922 3637 ἀπὸ
938 3587 992 3638 τοῦΙ
1010 3578 1077 3636 τότε
1096 3578 1163 3645 τοὺς
1180 3578 1228 3634 ἀν-

56 3666 195 3741 θρώπους
212 3668 264 3735 τὰς
282 3667 428 3742 διατριβὰς
446 3674 513 3742 περί
531 3668 582 3735 τὰς
593 3662 670 3736 ἀλλος
682 3675 837 3726 ποιεῖσθαι.
867 3673 934 3725 Cum
946 3665 1026 3724 ἆλῶα
1039 3673 1136 3725 eodem
1148 3670 1228 3723 modo

56 3762 93 3813 ad
111 3748 173 3812 ἀλα
190 3759 343 3825 referatur,
368 3767 453 3829 atque
472 3777 489 3814 a
507 3761 658 3827 Pausania,
682 3768 826 3829 utramque
845 3761 976 3829 glossam,
1001 3759 1166 3813 Philochoro
1184 3758 1228 3826 (fr.

56 3849 117 3903 161.
139 3849 199 3902 162.
218 3848 308 3906 Mulli
328 3865 414 3916 usam,
434 3865 469 3903 ex
488 3851 585 3904 eodem
604 3850 680 3904 fonte
700 3849 849 3904 defluxisse
869 3849 943 3902 haud
961 3847 1165 3916 abnegaverim.

100 3937 146 3990 42.
167 3937 188 4002 ¹)
206 3936 249 3990 De
264 3936 433 4003 differentia,
453 3953 524 4005 quae
538 3937 612 3992 inter
627 3927 687 4005 ἀμα
706 3943 736 3991 et
753 3930 827 4004 ὁμοῦ
844 3937 1009 4004 intercedat,
1028 3942 1137 3989 veteres
1156 3951 1229 3989 com·

55 4025 184 4094 pluribus
204 4024 273 4080 locis
292 4034 416 4094 egerunt.
445 4027 535 4080 Locus
555 4027 687 4080 classicus
706 4033 749 4079 est
764 4041 807 4093 ap.
823 4028 947 4078 Ammon.
963 4042 989 4093 p.
1005 4026 1040 4078 14
1054 4027 1099 4089 (--
1112 4024 1227 4078 Ptolem.

57 4116 124 4183 περὶ
143 4115 220 4181 drap.
234 4112 292 4179 λέξ.
305 4115 401 4169 Herm.
414 4116 531 4169 XXXll.
551 4116 612 4182 390,
633 4117 657 4169 7.
676 4115 805 4168 Eustath.
824 4114 843 4167 l.
862 4115 881 4166 1.
900 4113 996 4181 paullo
1015 4119 1080 4168 ante
1100 4119 1137 4167 et.
1151 4115 1228 4180 1713,

56 4204 109 4268 37).
148 4203 239 4257 Docta
256 4204 431 4272 protulerunt
449 4204 484 4257 de
503 4198 577 4270 ὁμοῦ
596 4204 671 4256 vocis
690 4201 892 4286 significatione
911 4202 1001 4256 Schol
1020 4203 1091 4256 Plat.
1110 4203 1228 4255 Phaedr.

57 4291 127 4346 720.
143 4315 179 4334 =
193 4291 279 4359 Suid,
295 4293 372 4345 Phot.
383 4293 420 4360 gl.
432 4294 467 4359 2,
482 4293 548 4346 Hes.
558 4322 594 4330 -
607 4293 684 4345 Phot.
696 4293 732 4360 gl.
747 4294 770 4344 1.
781 4295 826 4357 (=
840 4291 937 4358 Harpl
952 4292 1026 4359 apud
1040 4289 1154 4344 Suidam
1167 4307 1230 4344 cum

56 4379 136 4442 Phot.
161 4380 198 4458 gl
222 4382 249 4438 2.
273 4381 303 4442 iu
325 4395 409 4442 unam
432 4379 580 4440 conflatam
604 4396 664 4436 esse
688 4385 813 4455 apparet.
851 4379 904 4453 Qui
926 4379 981 4436 loci
1004 4379 1228 4452 exquisitissimis
