2986 5062
738 170 759 232 2

165 327 340 411 Corcyraeo
363 328 418 392 illo
441 329 575 394 omissus
598 335 659 405 est,
687 311 770 412 quod
794 351 918 394 rerum
942 331 1069 415 capita
1091 331 1220 395 omuino
1248 331 1340 395 desi-

165 435 324 502 derantur.

252 543 413 608 Enstatbii
439 546 664 609 commentaria
692 545 776 610 hisce
803 544 998 628 temporibus
1028 547 1131 628 primo
1157 565 1178 608 a
1203 544 1339 608 Batavis

163 650 349 716 adibantur:
369 651 505 716 Cobetus
524 653 607 717 enim
622 652 790 736 Naberqne
809 654 876 718 eius
894 653 1066 736 discipulus
1085 651 1191 717 Photii
1208 652 1338 717 lexicon

163 758 346 841 diligentins
377 761 569 842 perscrutari
601 766 634 825 et
665 761 706 824 ad
739 761 824 824 illius
856 760 960 824 fontes
991 761 1053 824 iter
1084 752 1220 842 dirigere
1248 761 1338 824 ince-

162 872 292 948 perunt:
316 867 430 931 deinde
448 867 555 932 Codex
573 867 696 932 Athous
714 867 832 931 Milleri
855 868 994 931 omnium
1016 867 1123 932 oculos
1145 867 1179 930 in
1201 887 1235 930 se
1258 887 1336 931 con-

162 975 258 1038 vertit
281 980 313 1039 et
336 975 479 1058 plurimis
501 975 579 1040 locis
597 997 643 1051 ea,
666 995 746 1058 quae
764 974 924 1039 Nanckius
946 975 1010 1038 iarn
1033 975 1067 1037 in
1089 973 1172 1038 libro
1195 972 1336 1038 celeber·

161 1084 242 1146 rimo
273 1084 312 1146 de
345 1083 397 1146 Ar.
426 1083 498 1166 Byz.
531 1083 674 1165 reliquiis
706 1083 863 1165 sagaciter
890 1081 1111 1164 indagaverat,
1141 1082 1335 1146 testimoniis

162 1191 343 1255 certissimis
367 1191 555 1274 praesertim
577 1212 616 1253 ex
639 1189 808 1254 Eustathio
831 1190 954 1272 petitis,
981 1189 1064 1253 fulta
1085 1193 1167 1253 sunt.
1204 1188 1335 1254 Tertius

161 1298 217 1380 qui
240 1298 325 1362 omni
343 1319 382 1362 ex
400 1304 491 1381 parte
509 1296 713 1362 Eustathium
731 1303 946 1380 perscrutatus
965 1301 1022 1373 est,
1045 1296 1222 1379 Leopoldus
1241 1295 1336 1361 Cobn

160 1411 210 1470 tot
247 1412 375 1488 tamque
411 1405 504 1468 utilia
534 1405 574 1468 de
607 1403 774 1468 Eustathio
807 1403 840 1468 in
872 1403 976 1480 libris,
1013 1425 1092 1486 quos
1124 1402 1335 1480 Quaestioues

160 1511 388 1576 Eustathianas
416 1510 559 1588 (Jahrbb.
583 1510 634 1574 fur
662 1510 755 1575 klass.
778 1509 890 1576 Pbilol.
914 1510 984 1574 Xll.
1010 1532 1039 1593 p.
1069 1509 1271 1594 aso-374)
1299 1516 1336 1574 et

161 1619 201 1681 de
224 1617 392 1682 Heraclide
416 1617 562 1702 (Breslau
588 1618 696 1702 1884.)
721 1618 894 1700 inscripsit,
916 1617 1064 1699 protulit,
1086 1623 1122 1680 ut
1143 1616 1244 1680 multa
1266 1617 1335 1680 iam

160 1725 338 1789 accuratius
361 1725 497 1807 perspici
519 1725 650 1807 possint.

249 1830 310 1909 Qui
336 1831 386 1895 vir
413 1831 524 1896 doctus
552 1853 624 1895 cum
651 1836 801 1915 quattuor
827 1832 983 1914 imprimis
1011 1852 1128 1914 genera
1155 1837 1333 1908 auctorum,

161 1937 276 2020 quibus
299 1938 336 2003 E.
358 1939 407 2002 uti
430 1944 648 2015 consueverat,
672 1939 883 2021 distingueret
892 1940 934 2023 ¹),
961 1939 1116 2022 imprimis
1143 1940 1331 2020 grammati-

160 2065 268 2110 corum
291 2050 324 2110 et
346 2044 640 2128 lexicograpborum
664 2066 770 2128 opera,
793 2045 908 2128 quibus
926 2045 1114 2110 Eustathius
1137 2066 1215 2128 opus
1239 2067 1332 2109 suum

160 2151 389 2229 illustraverat,
419 2153 512 2235 longe
539 2153 709 2217 utilissima
736 2174 804 2217 esse
832 2153 1036 2217 existimavit:
1072 2174 1130 2217 nec
1158 2153 1332 2216 immerito:

160 2281 231 2324 cum
257 2261 438 2344 saepissime
464 2260 520 2324 illa
547 2261 682 2325 redeant
703 2262 745 2324 ad
767 2266 912 2325 auctores
935 2281 1075 2324 summae
1098 2259 1231 2343 gloriae,
1258 2281 1331 2324 oum

160 2390 199 2432 ex
221 2369 507 2434 Alexandrinorum
529 2368 643 2452 opibus
665 2369 726 2434 etsi
744 2367 890 2445 frustula,
912 2375 1019 2433 tamen
1037 2368 1174 2433 frustula
1191 2367 1332 2449 optimae

159 2482 254 2542 notae
280 2498 338 2560 per
364 2477 436 2542 illos
463 2482 635 2541 serventur.
683 2464 1062 2560 Atque'llristopbanem
1089 2481 1122 2540 et
1144 2474 1332 2539 Suetonium

158 2584 321 2650 Eustathii
352 2590 496 2649 auctores
528 2583 667 2648 Cohnius
698 2584 719 2650 l.
747 2607 772 2649 c.
800 2584 1034 2649 accuratissime
1065 2583 1160 2647 adiit:
1197 2581 1330 2647 Lexico-

158 2691 352 2774 graphorum
373 2712 447 2755 vero
470 2691 635 2775 relliquiae
662 2692 788 2757 omnino
814 2691 919 2756 adbuc
941 2691 1118 2755 accuratius
1140 2691 1330 2754 tractandae

160 2804 205 2875 et,
233 2819 313 2880 quae
337 2799 383 2864 eis
406 2798 506 2862 tribui
528 2800 651 2882 possint
673 2821 711 2863 ac
733 2800 884 2875 debeant,
912 2798 1100 2863 certioribus
1128 2795 1244 2861 finibus
1267 2797 1329 2861 cir-

159 2905 397 2971 cumscribenda
427 2913 510 2971 sunt.
555 2906 696 2984 Quorum
727 2902 980 2991 λεξικογράφων
1011 2908 1046 2968 in
1077 2925 1209 2968 numero
1237 2925 1329 2987 prae-

159 3015 249 3096 cipue
268 3015 331 3077 duo
349 3014 409 3076 viri
427 3012 597 3096 praeclari,
618 3013 749 3077 Aelius
767 3014 974 3096 Dionysius
993 3018 1026 3077 et
1043 3012 1251 3076 Pausanias
1269 3017 1328 3076 at-

158 3121 314 3185 ticistae
333 3121 499 3197 excellunt,
521 3142 656 3204 quorum
673 3121 835 3203 relliquias
853 3121 1047 3202 colligendas
1066 3141 1237 3202 eorumque
1256 3119 1328 3183 doc

157 3230 284 3305 trinam,
307 3229 412 3311 quoad
434 3227 503 3293 fieri
525 3231 652 3312 poterit
674 3228 914 3293 restaurandam
936 3227 1015 3290 mibi
1037 3228 1196 3310 proposui.

247 3336 319 3400 Nou
338 3335 507 3401 defuerunt
516 3337 552 3422 ²),
571 3337 625 3420 qui
643 3342 716 3419 post
730 3335 841 3400 Cobeti
860 3340 893 3400 et
910 3334 1030 3398 Naberi
1048 3333 1327 3400 commentationes

159 3519 268 3569 centnm
293 3515 491 3583 qninquaginta
517 3514 646 3568 addenda
669 3529 730 3567 esse
754 3514 856 3568 dudum
879 3513 1019 3582 cognitum
1043 3519 1094 3567 est.
1131 3512 1165 3567 cf.
1189 3512 1326 3581 Egenolff,

157 3605 317 3660 Jahresber.
342 3605 433 3671 XVII,
457 3621 483 3672 p.
508 3605 568 3658 103.
605 3603 661 3658 Sub
688 3602 772 3656 finem
799 3602 891 3657 libelli
918 3619 1013 3657 corum
1041 3607 1184 3657 anctorum
1206 3600 1326 3666 nomina,

158 3711 273 3762 qnorum
295 3695 382 3749 libros
399 3693 477 3748 Enst.
496 3693 558 3762 ipse
581 3692 703 3762 inspexit
727 3699 755 3747 et
779 3708 893 3762 qnorum
911 3691 1045 3748 memoria
1067 3693 1180 3748 aliunde
1199 3691 1259 3761 peti
1277 3706 1326 3744 ne-

158 3785 226 3852 quit,
245 3785 386 3839 addemus.

229 3876 250 3938 ¹)
271 3875 382 3942 Quaest.
400 3873 528 3928 Eustath.
547 3890 574 3942 p.
593 3875 618 3926 3.

230 3964 251 4030 ²)
269 3963 372 4031 Meier,
396 3963 501 4032 Opil.
521 3964 563 4017 62.
584 3979 623 4030 sq.
642 3993 678 4000 -
696 3962 740 4016 W.
758 3959 942 4028 Rindfleisch,
967 3963 1001 4014 de
1023 3959 1176 4014 Pausaniae
1199 3961 1228 4009 et
1249 3953 1325 4006 Aelii

159 4052 283 4122 Dionysii
306 4052 360 4106 lex.
383 4054 455 4106 rhet.
478 4051 636 4119 Regimonti
659 4052 738 4105 1866.
760 4081 796 4088 -
819 4051 969 4110 Schwartz,
993 4048 1069 4104 Aelii
1091 4044 1217 4114 Dionysii
1240 4040 1324 4094 lexici

158 4141 255 4209 fragm.
274 4141 397 4195 Traiecti
416 4141 494 4195 1875.
515 4171 548 4178 -
568 4140 663 4194 Linkii
681 4139 820 4203 libellum,
841 4140 912 4207 qnod
930 4139 1087 4207 fragmenta
1104 4133 1181 4188 Aelii
1198 4129 1324 4198 Dionysii

157 4230 218 4285 sola
240 4231 370 4299 praebet,
394 4245 484 4298 neque
507 4229 588 4283 utilia
611 4230 646 4283 ad
665 4228 808 4282 doctrinae
826 4234 952 4282 auctores
975 4231 1004 4280 et
1021 4224 1189 4293 expilatores
1207 4220 1322 4291 profert,

158 4321 227 4374 satis
245 4320 344 4386 habeo,
363 4325 393 4373 ut
411 4320 557 4388 appellem.
