3000 5040
647 231 708 296 119

180 389 231 455 74.
263 388 436 454 Eustath.
455 412 486 473 p.
507 389 607 467 1854,
626 391 677 455 34.
711 381 773 456 οόκ
802 381 844 455 άν
873 389 911 456 δέ
935 413 986 467 τις
1009 380 1260 475 άπισχυρὶσαιτο

87 487 132 583 μὴ
156 486 220 562 οὐκ
244 491 330 561 εἶναι
353 486 495 562 καὶτὸν
518 487 722 582 άρράβακα
745 488 897 578 ἐθνικόν,
920 486 957 574 ός
981 494 1051 562 ἐστι
1073 487 1159 562 κατὰ
1183 487 1262 574 τοὺς

88 593 255 680 παλαιοὺς
278 592 439 688 ὀρχηστὴς
461 594 482 689 ἢ
504 598 706 690 βλάσφημος.
750 604 979 680 Παυσανίας
1003 602 1039 668 δὲ
1062 603 1118 668 καὶ
1142 601 1260 687 ἐτυμο-

88 709 206 793 λογὶαν
224 700 331 774 αὐτοῦ
348 699 556 792 παραδιδοὺς
578 710 753 794 γίγνεσθαί
776 726 897 797 φησιν
921 700 988 775 άιιὸ
1012 716 1074 776 τοῦ
1097 700 1261 795 άρραβάσ-

88 831 171 896 σειν,
195 806 215 880 ό
239 814 330 881 ἐστιν
354 805 573 902 όρχεϊσθαιῑ).
1288 837 1301 878 5

180 921 230 987 75.
266 921 440 988 Eustath.
463 944 494 1005 p.
515 923 594 998 913,
618 923 670 987 57.
706 921 845 1000 Αἴλιος
873 922 909 988 δὲ
937 919 1148 1001 Διονύσιος
1175 921 1262 1008 λέγει

87 1029 147 1093 καὶ
173 1017 227 1093 ότι
254 1019 472 1115 ἀρρενικὸν
500 1020 574 1113 οὐχὶ
601 1019 782 1114 ἀρσενικὸν
809 1021 850 1095 τό
881 1037 954 1095 τῶν
984 1029 1143 1116 γραφέων
1169 1020 1261 1115 παρὰ

81 1125 241 1212 Ἀττικοῖς
264 1130 444 1221 φάρμακον
453 1135 489 1221 ¹).

179 1241 230 1307 76.
252 1240 425 1308 Eustath.
444 1264 474 1326 p.
491 1240 586 1318 1533,
600 1239 652 1307 58.
676 1240 814 1319 Αἴλιος
834 1241 870 1309 δὲ
885 1238 1092 1318 Διονύσιος
1111 1237 1261 1331 οἶσονῑ)

87 1348 244 1430 φαίνεται
266 1347 374 1432 λέγειν
397 1340 437 1413 τὸ
460 1352 620 1413 τοιοῦτον
648 1339 772 1429 φυτόν,
798 1344 941 1433 γράφας,
970 1340 1022 1414 ότι
1050 1339 1119 1414 άπὸ
1143 1343 1261 1414 οἰσόου
1276 1369 1301 1409 10

86 1448 227 1536 κόφινοι
250 1447 405 1539 άρριχοι
428 1450 644 1538 καλούμενοι,
673 1443 732 1531 οὓς
748 1447 861 1531 Ἴωνες
882 1455 944 1539 μὲν
972 1447 1156 1540 ἀρσενικῶς
1178 1478 1260 1540 προ-

87 1559 260 1645 φέρουσιν,
277 1551 417 1626 Άττικοὶ
441 1560 477 1626 δὲ
500 1565 660 1647 θηλυκῶς
670 1561 706 1646 ²).
745 1563 974 1639 Παυσανίας
997 1561 1033 1627 δὲ
1057 1559 1184 1647 ἱστορεῖ
1203 1563 1261 1626 καὶ

86 1659 135 1744 ὡς
157 1661 290 1744 τούτοις
312 1679 382 1744 τοῖς
405 1657 553 1753 όρρίχοις
577 1669 744 1748 σταφυλαὶ
768 1669 1043 1753 συνεκομίζοντο,
1071 1666 1107 1749 ἐξ
1132 1657 1182 1734 τόν
1206 1670 1260 1734 δο-

86 1784 143 1838 κεῖ
162 1775 317 1859 γίνεσθαι
339 1775 397 1839 καὶ
419 1765 459 1840 τό
484 1765 825 1862 άναρριχᾶσθαιθ).

177 1880 224 1946 ib.
233 1903 263 1964 p.
276 1880 370 1958 1163,
379 1879 431 1946 49.
448 1874 617 1966 τάλαροι
628 1880 663 1946 δὲ
672 1864 888 1962 καλάθισκοι,
897 1877 1039 1959 τάλανες
1049 1880 1095 1959 εἰς
1103 1873 1143 1948 τὸ
1155 1880 1260 1968 αἴρειν
1275 1900 1301 1940 1⁵

87 2010 136 2065 οος
148 1988 373 2069 βαστακτικοὶ.
397 1986 552 2072 λέγονται
571 1986 607 2053 όὲ
627 1984 661 2053 οἱ
678 1995 830 2054 τοιοῦτοι
848 1989 905 2053 καὶ
924 1981 1080 2074 άρριχοι
1098 1980 1183 2074 παρ’
1195 1981 1260 2056 Ἀτ-

87 2218 232 2275 sttioistao
251 2234 312 2274 esse
330 2221 406 2288 puto,
426 2216 460 2274 of.
479 2217 608 2274 Eustath.
626 2235 653 2287 p.
669 2219 747 2285 1083,
766 2219 809 2274 54.
830 2212 892 2274 ἔστι
910 2213 966 2290 γάρ
984 2215 1127 2290 άρνευτὴρ
1145 2221 1195 2274 καὶ
1213 2238 1261 2275 κυ-

85 2303 226 2380 βιστητῆρ
248 2304 284 2362 τά
307 2302 392 2371 αὐτὰ,
417 2300 509 2362 εἶκαὶ
532 2305 714 2379 σαφέστερον
737 2300 753 2363 ὁ
777 2302 958 2380 κυβιστητὴρ.
992 2307 1027 2364 of.
1046 2307 1121 2364 Suid.
1140 2309 1206 2364 Hos.
1227 2339 1261 2349 —

87 2399 149 2453 Iam
167 2395 335 2466 antiquitus,
355 2396 417 2466 quis
435 2395 521 2452 fuerit
539 2391 695 2468 άρνευτήρ,
718 2396 855 2452 incertum
874 2396 961 2452 inisse
979 2403 1098 2467 apparet
1116 2413 1152 2452 ox
1169 2397 1259 2454 Schol.

86 2488 158 2544 Ven.
178 2488 211 2541 A.
230 2486 267 2541 ad
286 2487 320 2540 M
336 2486 390 2541 385
409 2486 454 2556 (=
472 2486 600 2540 Eustath.
618 2502 645 2554 p.
665 2487 727 2554 910,
745 2486 808 2554 34).

134 2576 177 2631 74
195 2576 218 2642 l)
235 2573 329 2630 Petita
346 2579 411 2629 sunt
429 2590 464 2629 ox
483 2573 665 2630 celeberrimo
683 2573 732 2629 illo
751 2574 819 2640 loco,
838 2574 887 2629 ubi
904 2575 982 2629 Eust.
998 2575 1034 2628 de
1051 2573 1193 2630 vocabulis
1211 2591 1259 2644 pe-

86 2663 207 2733 regrinis
226 2664 408 2719 disserentem
426 2667 456 2718 et
473 2662 581 2733 priores
600 2662 796 2733 compilantem
815 2663 902 2727 vidos,
921 2662 956 2718 of.
971 2662 1044 2718 Prol.
1056 2679 1083 2732 p.
1103 2663 1146 2718 30.
1165 2669 1220 2718 not.
1234 2666 1258 2719 1.

87 2753 171 2808 conv.
190 2768 253 2807 enm
271 2757 386 2821 utraque
406 2751 533 2808 doctrina
550 2751 617 2806 Hos.
636 2755 666 2806 et
683 2753 714 2807 Β.
734 2753 767 2807 A.
786 2752 848 2820 446,
867 2753 910 2807 26,

133 2841 175 2896 75.
194 2840 217 2910 ¹)
236 2840 357 2896 Tantum
375 2855 419 2910 ap.
438 2841 503 2896 Hes.
523 2857 544 2896 s.
564 2857 588 2894 v.
608 2836 738 2911 άρνικὸν·
765 2835 918 2911 χρώματος
941 2833 1015 2904 εἶδος
1035 2836 1161 2911 χλωρόν,
1187 2827 1261 2912 άπερ

86 2926 169 2999 ἡμεῖς
186 2925 339 3000 ἀρσενικὸν
357 2927 480 3000 λέγομεν
498 2927 544 2997 (of.
560 2929 693 2985 Schmidt.
708 2930 745 2985 ad
763 2930 781 2983 l.
801 2931 838 2998 1.).
858 2929 998 2985 Schwartz
1015 2946 1043 2999 p.
1062 2931 1105 2985 33.
1124 2926 1261 3000 γναφὲων

87 3017 174 3074 scribi
191 3017 276 3074 iubet.

133 3107 175 3161 76.
195 3109 217 3176 ²)
235 3107 275 3163 ef.
288 3106 322 3163 fr.
341 3103 436 3178 οἰσόη,
456 3101 538 3163 οἶσον
556 3113 585 3164 et
603 3103 709 3178 ταρσός
727 3106 772 3177 (fr.
784 3108 869 3174 305),
894 3107 967 3163 unde
986 3110 1104 3177 apparet
1122 3107 1207 3164 otiam
1226 3124 1261 3163 ea

88 3212 160 3266 quae
179 3196 214 3252 de
232 3197 334 3267 ταρσοί
346 3213 373 3266 p.
390 3197 467 3262 1163,
486 3196 521 3251 49
541 3196 724 3266 disputantur,
744 3195 930 3251 atticistarum
950 3211 1018 3251 esse.
1038 3194 1073 3250 ef.
1088 3196 1160 3251 ProL
1175 3213 1202 3266 p.
1217 3197 1259 3252 30.

177 3284 198 3352 ¹)
216 3285 390 3354 Repetuntur
407 3286 438 3343 Β.
453 3286 486 3340 A.
501 3286 562 3352 446,
577 3286 620 3340 30.
633 3286 678 3340 Et.
694 3285 733 3340 M.
748 3285 809 3348 149,
823 3286 866 3340 29.
881 3285 966 3351 (Gom.
980 3284 1030 3340 111.
1044 3301 1071 3354 p.
1088 3285 1148 3340 634.
1163 3285 1259 3353 Kook).

88 3373 123 3429 of.
142 3374 187 3428 Et
206 3373 275 3430 (ind.
294 3391 321 3444 p.
341 3375 384 3429 80.
403 3366 514 3445 άρριχοι
533 3371 564 3428 δὲ
582 3371 715 3444 λέγονται
733 3369 850 3443 κόφινοι
868 3369 961 3429 σόϊνοι
979 3367 1155 3443 (1.οἰσόινοι)
1174 3416 1180 3428 .
1200 3415 1207 3429 .
1227 3414 1234 3429 .
1253 3417 1260 3429 .

86 3457 255 3531 άρσενικῶς.
270 3493 304 3502 -
317 3463 473 3518 Pausaniae
486 3463 611 3518 doctrina
622 3463 724 3518 iterum
738 3466 856 3532 apparet
869 3477 914 3531 sp.
927 3463 972 3517 Et.
981 3463 1019 3517 M.
1030 3463 1074 3531 99,
1088 3464 1131 3517 22.
1144 3454 1261 3533 άρριχος

87 3547 202 3620 λέγεται
216 3543 232 3605 ό
246 3545 371 3619 κόφινος,
391 3547 423 3606 ἐν
437 3553 460 3623 qi
475 3552 625 3619 κομίζουσι
639 3547 690 3616 τὰς
703 3545 818 3622 βότρυς·
839 3547 872 3616 ἐξ
886 3546 974 3606 αὐτοῦ
988 3545 1098 3621 άρριχῶ
1112 3552 1162 3605 καὶ
1175 3546 1260 3620 άναρ

88 3641 167 3709 ριχῶ,
186 3655 269 3709 quam
283 3655 317 3695 ex
329 3639 489 3696 Herodiano
503 3645 640 3710 sumptam
654 3656 715 3695 esse
734 3641 904 3710 etymologus
923 3639 1017 3694 tradit.
1037 3638 1072 3694 oi.
1087 3639 1161 3694 Prol.
1176 3655 1203 3707 p.
1217 3637 1259 3692 74

87 3731 144 3783 not
156 3729 183 3783 2.
195 3758 230 3769 —
248 3728 357 3785 Similia
374 3744 419 3799 ap.
434 3729 507 3785 Suid.
521 3753 556 3774 =
575 3730 666 3785 Schol.
679 3732 727 3785 Ar.
745 3732 795 3784 Av.
814 3731 893 3785 1309.
913 3728 1025 3784 Moeris.
1040 3744 1062 3782 s.
1077 3744 1102 3781 v.
1121 3751 1156 3771 =
1174 3726 1259 3795 Harp.

88 3818 148 3872 cod.
167 3818 195 3883 k,
214 3816 250 3873 of.
268 3817 357 3872 Bekk.
376 3819 412 3873 ad
431 3835 457 3887 p.
477 3818 521 3881 34,
540 3819 582 3873 14.
601 3819 668 3873 Hes.
686 3819 718 3873 B.
737 3820 770 3873 A.
790 3819 851 3884 208,
869 3817 914 3872 25.

177 3901 429 3978 ⁸)oivooptxoiotot
453 3906 488 3962 of.
511 3907 557 3962 Et.
581 3908 619 3962 Μ.
638 3907 687 3975 99,
707 3907 749 3961 14.
772 3907 815 3962 26.
840 3905 876 3961 of.
895 3905 986 3962 Sohol.
1005 3905 1054 3959 Ar.
1076 3905 1140 3959 Pac.
1160 3904 1202 3958 70.
1226 3934 1260 3943 -

88 3997 189 4052 Contra
213 3995 356 4052 atticistae
379 3998 504 4067 regulam
528 3996 654 4066 disputat
676 3995 776 4066 Phryn.
796 4010 840 4064 ap.
860 3996 891 4049 B.
910 3997 946 4050 A.
966 3996 1015 4063 19,
1033 3994 1069 4050 25
1093 4035 1099 4046 .
1120 4034 1153 4048 ..
1179 3987 1206 4047 οἱ
1229 3989 1261 4046 δὲ

88 4079 139 4139 δύο
162 4103 198 4155 ρρ
219 4081 383 4156 γράφοντες
400 4079 621 4157 ἁμαρτάνουσιν.
640 4116 677 4125 -
695 4083 828 4139 Attioista
847 4084 989 4154 conspirat
1012 4099 1074 4139 cnm
1092 4081 1259 4147 Herodiano,

87 4171 123 4228 of.
142 4174 244 4230 Herod.
263 4175 299 4229 11.
318 4175 384 4243 387,
403 4176 428 4231 5.
447 4175 515 4243 475,
533 4176 577 4231 27.
597 4173 640 4230 ed.
659 4173 756 4228 Lenta.
781 4171 827 4242 (of.
847 4171 908 4228 oius
931 4175 1026 4229 notam
1050 4173 1085 4228 de
1104 4169 1260 4227 diversissi-

86 4262 140 4317 mis
162 4261 237 4318 voois
259 4254 377 4334 άρριχος
395 4263 560 4334 seripturis),
579 4262 661 4331 erog.
681 4261 740 4317 (tor.
760 4261 804 4317 ed.
822 4261 914 4319 Sohaf.
934 4279 961 4332 p.
980 4261 1055 4329 585,
1075 4260 1123 4317 obi
1141 4275 1177 4316 ex
1194 4260 1260 4316 Por·

84 4351 183 4422 phyrio
200 4346 384 4424 άναρρίχησις
402 4351 607 4410 substantivum
628 4350 764 4408 adfertur.
