3000 5040
624 251 685 317 117

58 419 163 493 χεῖρα.
201 411 356 474 Σκυθῶν
383 407 420 473 δὲ
451 409 742 494 προκαλουμένων
774 400 878 485 αότδις
910 401 1024 488 αὐτοῖς
1057 421 1236 494 συνοικεῖν,

61 507 109 594 ὡς
150 505 343 602 άπηροότοις
379 501 454 580 οὖσι
496 507 582 581 κατά
623 517 856 582 Παυσανίαν
891 508 1116 604 Ἀντιάνειράν
1153 535 1235 601 φασι

59 624 142 706 μίαν
168 628 240 688 τῶν
261 615 450 706 Ἀμαζόνων
478 628 643 708 θρασεῖαν
671 610 777 689 οὖσαν
809 624 867 688 καὶ
898 615 1089 690 ἀκόλαστον
1117 623 1233 692 εἰπεῖν.

60 722 202 815 ,ἄριστα
223 720 333 814 χωλός
356 728 468 812 οίφεί(
491 720 537 806 ὡς
561 721 781 816 ἀρκουμένων
805 721 918 795 αὐτῶν
941 743 1012 809 τοῖς
1032 736 1154 815 χωλοῖς
1164 735 1199 819 1).

152 837 204 902 71.
240 835 412 901 Eustath.
435 859 465 920 p.
490 836 590 913 1935,
614 837 643 902 2.
681 835 793 902 ἰστέον
827 836 863 902 δὲ
895 828 948 902 ότι
976 831 1017 903 ori
1044 835 1152 922 μόνον
1180 831 1235 905 διά
1262 858 1275 899 5

60 944 162 1010 θείου
184 941 337 1027 ἐγίνοντο
361 944 547 1028 καθαρμοὶ,
574 935 667 1010 καθά
695 950 868 1029 προσεχως
896 940 1038 1031 ἐγράφη,
1065 937 1149 1010 άλλά
1177 948 1234 1011 καὶ

60 1046 154 1133 φυτά
180 1072 257 1115 τινα
286 1048 332 1128 εἰς
358 1054 460 1115 τοῦτο
486 1045 630 1137 χρήσιμα
657 1038 708 1136 ἦν.
743 1043 986 1136 άριστερεών
1014 1059 1097 1136 γοῦν
1124 1045 1235 1134 φυτὸν

59 1148 147 1223 κατὰ
170 1158 408 1249 Παυσανίαν
431 1152 624 1243 ἐπιτήδειον
648 1155 694 1233 είς
717 1153 906 1242 καθαρμόν.

151 1264 202 1329 72.
234 1263 408 1330 Eusialh.
427 1287 456 1348 p.
476 1263 551 1340 302,
570 1264 622 1327 27.
656 1262 767 1329 ἰστέον
792 1263 829 1328 δὲ
853 1254 905 1328 ότι
929 1262 967 1330 έν
989 1275 1061 1342 τοῖς
1078 1266 1233 1332 Παυσα-

61 1371 151 1436 νίου
170 1369 316 1455 φέρεται,
341 1360 394 1436 ὅτι
408 1361 539 1500 Ἀρκάς
557 1375 659 1434 κυνί
648 1372 695 1456 1¹)
716 1365 847 1455 έλέγετό
869 1393 929 1450 τις,
952 1364 1026 1456 ῆτοι
1043 1362 1234 1456 Ἀρκαδικὸς
1248 1391 1274 1430 1⁰

59 1480 169 1557 πῖλος,
192 1468 302 1542 διὰ
265 1500 306 1543 το
326 1472 412 1561 ἔχειν
431 1469 478 1553 ὡς
497 1472 586 1553 εἰκός
604 1498 637 1541 τι
661 1472 827 1561 διάφορον
845 1468 931 1562 πρὸς
949 1468 991 1542 τά
1012 1469 1157 1564 ὁμοειδῆ,
1177 1481 1234 1544 καὶ

60 1574 114 1649 ότι
136 1575 375 1670 Ἐρατοσθένης
402 1575 493 1667 παρὰ
516 1575 647 1668 Ἀρκάσι
670 1585 751 1669 φησὶ
778 1575 905 1665 φελλὸν
928 1584 1031 1706 μέσον
1054 1608 1087 1648 τι
1109 1587 1234 1671 πρίνου

60 1690 118 1754 καί
142 1681 256 1775 δρυός,
280 1679 434 1767 δένίους
456 1685 670 1776 θηλόπρινον
693 1695 823 1770 καλεῖν,
850 1692 907 1755 καὶ
931 1681 984 1756 ότι
1006 1693 1209 1777 παροιμία’
1191 1717 1234 1779 ην

59 1788 100 1861 τό
132 1787 327 1881 ,Ἀρκάδας
357 1792 613 1881 μιμούμενος(
647 1794 703 1862 ἐπὶ
734 1819 805 1861 των
838 1789 952 1874 άλλως
979 1795 1232 1884 ταλαιπωρούν-

59 1924 140 1967 των.
173 1898 400 1987 μαχιμοότατοι
426 1896 489 1987 γάρ
518 1895 614 1980 όντες
646 1894 743 1967 αὐτοὶ
774 1903 836 1986 μὲν
869 1895 1033 1969 οὐδέποτε
1066 1903 1233 1992 ἐνίκησαν,
1248 1922 1273 1963 1⁵

58 2013 200 2085 πολλοῖς
227 2008 264 2074 δὲ
292 2002 406 2088 ἄλλοις
434 2008 535 2075 αίτιοι
558 2015 621 2074 τοῦ
643 2015 743 2075 νικᾶν
765 1998 864 2095 ἦσαν,
895 2001 981 2075 ὅθεν
1009 2013 1065 2076 καὶ
1088 2008 1234 2078 Πλάτων

59 2108 79 2182 ὃ
108 2107 257 2200 κωμικός
285 2108 338 2182 διά
366 2107 406 2181 τό
430 2107 490 2193 τάς
513 2117 692 2201 κωμῳδίας
719 2118 838 2203 φησὶν
862 2107 964 2194 αδτός
987 2124 1097 2183 ποιοῦν
1121 2112 1234 2196 άλλοις

58 2216 231 2288 ἐκδιδόναι
250 2213 304 2288 διά
322 2223 445 2289 πενίαν
457 2214 615 2308 Ἀρκάδας
632 2226 804 2307 μιμεῖσθαι
825 2219 934 2310 έφηί).
959 2220 1094 2310 έτερος
1113 2225 1149 2290 δὲ
1168 2221 1233 2310 ῥή-

57 2351 139 2414 τωρ
154 2320 399 2415 ἐπιδραμών
361 2352 403 2395 τα
417 2325 528 2395 πολλά
543 2346 661 2451 φησιν·
677 2321 860 2415 Ἀρκάδας
874 2325 1115 2414 μιμούμενος
1128 2324 1233 2417 ῆγουν

57 2428 174 2513 άλλοις
195 2440 429 2522 ταλαιπωρων
463 2434 496 2502 οί
517 2428 579 2522 γὰρ
597 2419 789 2521 Ἀρκάδες“
773 2435 857 2522 υπὲρ
881 2431 1007 2542 ετέρων
1029 2430 1232 2522 ῆνδραγαθί-
1247 2455 1273 2497 20

57 2537 159 2625 ζοντό
184 2559 312 2629 φησιν.
336 2533 491 2630 δδῆκαὶ
509 2535 669 2630 Ἡρακλῆς
693 2539 845 2628 ἔπασχεν,
870 2542 906 2624 έξ
928 2544 969 2608 οὐ
991 2545 1049 2608 καὶ
1070 2546 1232 2630 παροιμία

106 2865 149 2919 70.
171 2867 190 2931 1)
208 2863 388 2919 Proverbium
403 2862 462 2919 lere
481 2860 630 2930 αδτολεξεί
647 2863 799 2932 repetitum
817 2863 846 2917 ln
866 2863 924 2918 cod.
942 2861 1111 2918 Coioliniano
1130 2862 1231 2933 Dioge-

56 2953 145 3020 niani,
165 2952 200 3009 cf.
220 2953 405 3022 Paroemiogr.
425 2954 446 3009 I.
463 2955 521 3020 196,
542 2955 567 3020 7,
587 2953 615 3007 in
635 2953 735 3022 quibus
753 2952 920 3008 Leutschius
938 2952 1094 3007 Pausaniae
1114 2951 1232 3022 vestigia

56 3043 192 3112 agnoscit.
226 3042 343 3098 DIveroa
360 3058 451 3111 neque
469 3046 563 3096 tamon
580 3057 599 3096 a
618 3041 732 3097 consilio
751 3041 844 3096 aliena
862 3041 969 3110 profert
983 3042 1107 3111 Apostol.
1123 3041 1172 3095 III.
1188 3042 1231 3095 92.

55 3135 104 3202 (=
122 3131 262 3186 Zenobius
281 3131 388 3186 Milleri
407 3130 472 3186 Me'l.
486 3148 512 3200 p.
532 3131 604 3200 370.)
624 3131 703 3198 Diog.
723 3131 757 3185 ΙΙ.
778 3131 802 3186 2.
822 3131 912 3185 Sahal.
932 3131 1048 3186 Theocr.
1068 3130 1115 3186 IV.
1135 3130 1177 3184 62.
1196 3160 1232 3168 -

56 3221 146 3276 Plana
161 3219 272 3275 diuersa
284 3219 359 3275 Suid.
374 3235 396 3274 o.
410 3237 433 3273 v.
449 3210 552 3290 άρισια
571 3221 615 3288 (=
630 3216 734 3274 Macar.
751 3221 786 3275 11.
799 3220 853 3287 40.)
867 3245 901 3263 =
920 3218 1030 3273 initium
1043 3218 1183 3288 proverbii
1201 3217 1232 3272 in

59 3311 121 3365 cod.
141 3309 170 3364 G.
189 3308 301 3379 prolati.
337 3307 517 3363 Proverbium
535 3309 627 3377 ipsum
644 3307 700 3362 iam
719 3308 784 3363 Ath.
804 3308 880 3362 XIII.
901 3309 983 3364 568Ε
1002 3308 1123 3362 exhibet.

104 3398 146 3451 71.
166 3399 188 3465 1)
211 3398 293 3453 Oonv.
313 3397 378 3452 Hes.
399 3391 584 3468 άριστερεὼν.
618 3391 709 3465 φυτὸν
732 3399 790 3451 τῶν
809 3393 849 3460 είς
867 3391 934 3461 τοὺς
952 3393 1122 3467 καθαρμοὺς
1142 3412 1231 3467 παρα-

56 3484 291 3557 λαμβανομένων.
327 3486 399 3541 Rem
416 3491 494 3541 recte
513 3485 666 3541 rehabere
686 3487 767 3540 <locat
784 3485 856 3540 Plin.
876 3486 991 3542 XXVII.
1013 3485 1096 3551 4‚,a.,
1115 3484 1164 3540 ubi
1183 3499 1231 3553 op·

56 3574 120 3630 timi
140 3575 218 3630 codd.
238 3575 411 3643 ,aristereon‘
430 3575 574 3644 praebent.

104 3663 146 3717 72.
165 3665 187 3731 ¹)
206 3679 281 3718 conv.
300 3664 366 3718 Hes.
383 3659 480 3734 Ἀρκὰς
497 3665 580 3732 κυνῆ·
600 3658 759 3734 Ἀρκαδικὸς
778 3665 870 3726 πῖλος·
895 3663 1048 3730 Σοφοκλῆς
1069 3656 1165 3733 Ἰνάχῳ
1184 3659 1228 3727 (fr.

56 3752 119 3808 250.
137 3751 244 3808 Nauck.
265 3751 409 3808 ολ.8ο1ιο1
429 3755 478 3807 Ar.
497 3754 548 3807 Au.
569 3752 657 3822 1203).

148 3841 169 3909 8)
188 3857 264 3897 conv.
284 3840 359 3896 Suid.
378 3857 399 3896 a.
419 3859 443 3895 v.
459 3835 591 3912 Ἀρκάδας
609 3836 781 3909 μιμούμενοι
800 3841 844 3907 (=
863 3839 987 3908 Apostol.
1007 3839 1057 3893 III.
1078 3838 1130 3905 73).
1149 3837 1230 3893 Simi-

56 3929 98 3986 lia
116 3929 218 3984 Zenob.
237 3931 272 3985 ΙΙ.
292 3931 335 3986 59.
354 3930 399 4001 (=
418 3930 496 3998 Hes.)
514 3931 619 3986 Macar.
637 3931 674 3984 II.
688 3931 732 3984 41.
760 3928 939 3983 Proverbium
958 3927 1030 3997 quod
1049 3943 1084 3980 ax
1107 3925 1230 3982 Platonis

56 4018 191 4074 Pisandro
214 4017 259 4089 (fr.
279 4018 321 4074 99.
340 4019 429 4086 Kock)
448 4019 575 4085 affertur,
598 4035 652 4074 non
671 4018 707 4073 ad
725 4016 875 4073 Herculem
893 4019 944 4071 sed
962 4017 997 4072 ad
1016 4016 1230 4084 Aristophanem

55 4107 245 4163 reducendum
273 4123 333 4163 osse
362 4109 452 4164 Schol.
476 4108 548 4163 Plat.
572 4107 653 4176 Apol.
674 4108 736 4162 1913
763 4105 980 4160 luculentiooIme
1004 4106 1091 4161 docet.
1129 4103 1231 4158 Mirum

57 4198 132 4266 quod
155 4191 241 4260 ανίός
258 4199 303 4264 (=
322 4197 532 4267 Aristophanes)
556 4197 673 4252 eundem
697 4195 727 4255 iu
744 4195 855 4250 modurn
874 4194 947 4263 apud
965 4194 1041 4250 Suid.
1060 4210 1080 4249 u.
1096 4211 1120 4248 v.
1136 4188 1230 4263 Ἀρκά-

56 4287 107 4348 δας
124 4281 307 4352 μιμοίμενος.
331 4288 375 4354 (--
394 4287 519 4356 Apostol.
538 4286 588 4341 Ill.
608 4286 652 4353 73)
670 4284 753 4340 redit.
772 4282 919 4340 SImillima
937 4284 1055 4354 praebat
1072 4283 1175 4338 Zenob.
1194 4282 1230 4336 ΙΙ.

55 4375 100 4429 59.
119 4399 154 4418 =
172 4373 238 4433 Ηω.
258 4375 363 4432 Macar.
382 4377 418 4430 II.
438 4377 481 4431 41.
