3000 5040
723 232 788 302 235

263 393 337 459 371.
374 393 546 461 Eustath.
568 418 598 480 p.
625 396 724 473 1770,
747 396 799 461 60.
837 394 875 460 έν
903 395 939 461 δε
972 393 1171 483 ῥητορικῷ
1199 402 1340 486 λεξικῷ

163 497 335 588 γράφεται
358 501 663 590 δνοιιαλίζεινῑ)Ι
688 496 727 569 τὸ
746 516 888 583 κεντεῖν,
911 499 1099 589 ταράσσειν,
1123 502 1341 588 έκτινάσσειν,

166 611 285 691 σείειν,
308 605 378 676 ἔστι
401 609 438 676 δὲ
460 634 518 677 οτε
541 613 598 676 καί
621 613 767 678 κτείνειν
790 613 846 677 καὶ
869 616 1038 696 πολεμεῖν.

263 718 336 784 372.
368 718 539 784 Eustath.
559 741 589 803 p.
609 720 683 802 802,
702 721 754 786 26.
774 772 781 785 .
802 772 809 784 .
828 722 885 786 καὶ
909 709 1113 807 δτιὍμηρος
1135 719 1207 805 μέν,
1230 714 1277 800 ὡς
1300 720 1342 787 έν

166 823 374 913 ῥητορικῷ
398 816 533 913 εὕρηται
556 831 699 913 λεξικῴ
722 834 801 893 τῶν
826 823 909 908 δύο,
938 828 1033 914 φησὶ,
1061 820 1264 906 ἀκολούθως
1288 831 1341 916 δη-
1368 850 1381 890 ε

167 925 258 1020 λαδῆ
281 938 322 1016 τῆ
340 926 465 999 Ἀτθίδι
488 936 545 999 καί
567 940 609 1017 τῆ
631 942 730 1018 κοινῆ
750 987 756 999 .
778 987 784 999 .
806 987 812 999 .
833 934 874 1000 ib.
893 935 912 1000 l.
933 935 984 1000 32.
1008 935 1094 1019 λέγει
1118 936 1154 1000 δε
1177 927 1221 1000 τὸ
1246 928 1341 1001 αὐτὸ

167 1032 347 1122 λεξικόν,
383 1030 436 1104 ὅτι
467 1032 507 1106 τὸ
540 1042 654 1106 δυοῖν
687 1039 743 1107 ἐπὶ
776 1042 909 1128 δοτικῆς
940 1033 1032 1127 παρὰ
1059 1033 1229 1123 Ἀττικοῖς,
1266 1038 1342 1109 οἷον

167 1147 273 1236 (Com.
292 1147 349 1212 ΙΙΙ.
367 1170 397 1231 p.
416 1145 491 1213 459.
510 1170 560 1214 no.
580 1149 654 1214 284.
673 1149 787 1234 Koch).

387 1257 484 1322 δυοῖν
506 1268 682 1341 γυναικοῖν
707 1251 754 1333 εἷς
777 1247 860 1341 άνῆρ
885 1247 926 1320 οὗ
950 1256 1127 1342 στέργεται.

168 1362 214 1429 έν
242 1357 364 1449 ἑτέρῳ
394 1363 434 1428 δὲ
461 1358 571 1449 τόκῳ
600 1365 695 1450 φησὶ
722 1364 779 1428 καὶ
805 1354 859 1429 ὅτι
888 1358 948 1428 δύο
977 1363 1034 1427 καὶ
1062 1362 1099 1428 έν
1126 1370 1176 1448 τῷ
1203 1374 1232 1428 οἳ
1260 1361 1341 1446 δύο),
1356 1387 1382 1426 10

166 1464 277 1558 ἤγουν
301 1466 362 1536 δύο
387 1462 440 1536 διά
464 1478 526 1537 τοῦ
549 1481 571 1536 ὅ
592 1478 724 1557 μικροῦ,
747 1472 805 1536 καὶ
829 1466 914 1551 δύο),
937 1462 1023 1536 κατὰ
1047 1466 1183 1536 έκτασιν
1200 1464 1342 1539 Ἀττικοὶ

167 1578 327 1663 λέγουσιν
351 1573 531 1664 ἑκατέρως,
555 1579 668 1644 δυοῖν
693 1578 728 1643 δὲ
752 1577 806 1643 dal
829 1586 961 1665 γενικῆς
983 1580 1038 1643 καὶ
1064 1580 1212 1665 δοτικῆς,
1239 1571 1279 1646 τό
1305 1581 1341 1646 δε

171 1686 288 1752 δυεῖν
312 1681 457 1752 σπάνιον
480 1682 572 1772 παρὰ
595 1697 666 1763 τοῖς
688 1690 855 1766 παλαιοῖς,
881 1681 950 1751 έστι
974 1680 1008 1752 δ’
1027 1677 1117 1770 ὅμως
1139 1678 1231 1774 παρὰ
1258 1690 1341 1753 Θου-

167 1793 292 1878 κυδίδῆ
303 1794 329 1880 1)
352 1793 501 1878 [λέγουσι
526 1793 562 1859 δε
580 1795 637 1858 καὶ
655 1799 727 1858 τῶν
751 1789 812 1859 δύο
836 1795 893 1858 καὶ
915 1805 986 1871 τοῖς
1009 1789 1096 1878 δύο]
1128 1786 1169 1860 τὸ
1194 1795 1230 1860 δὲ
1254 1797 1342 1861 δυσὶ

167 1894 357 1987 βάρβαρόν,
389 1918 497 1988 φησι,
525 1903 581 1966 καὶ
608 1893 694 1966 κατά
719 1909 837 1988 χρῆσιν
865 1893 1014 1988 Ἀττικὴν
1042 1903 1098 1966 καὶ
1125 1894 1211 1968 κατὰ
1238 1898 1341 1988 λόγον
1357 1927 1382 1967 15

166 2004 409 2095 γραμματικόν.
456 2008 542 2092 λέγει
570 2008 606 2073 δέ
634 2010 691 2073 καὶ
719 2000 773 2074 ὅτι
800 2009 979 2095 νεωτέρων
1005 2000 1045 2074 τὸ
1073 2004 1215 2095 γράφειν
1240 2011 1340 2076 δυεῖν.

168 2107 357 2202 οὐδὲνγὰρ
382 2107 501 2182 δυῖκόν
520 2114 566 2192 εἰς
589 2120 646 2180 εὖ)
670 2111 781 2202 λήγειν
804 2117 907 2198 φασὶν
931 2113 963 2181 οἱ
987 2109 1226 2204 α’ναλογικοίῖ).
1248 2108 1341 2204 Ὅμη-

168 2247 232 2310 ρος
255 2223 301 2305 δέ,
324 2223 464 2312 φησιθ),
488 2221 542 2288 ἐπὶ
565 2222 626 2308 μὲν
650 2215 757 2310 ὀρθῆς
780 2218 841 2288 δύο
864 2222 951 2307 λέγει
974 2214 1078 2289 οὕτω·

453 2327 513 2397 δύο
538 2323 571 2397 δ’
595 2330 667 2396 αἰέν
692 2327 769 2415 έχον
790 2327 946 2416 πατρώια
970 2327 1056 2416 έργα.

217 2601 279 2656 371.
307 2601 438 2656 Fortasse
457 2599 511 2654 fult
528 2599 728 2655 Pausaniae.
758 2599 793 2654 ef.
808 2600 936 2654 Euststh.
950 2617 976 2669 p.
997 2600 1058 2667 437,
1072 2601 1115 2655 13.
1143 2600 1242 2655 Totum
1262 2600 1340 2655 illum

167 2689 314 2746 Eustathii
332 2691 423 2744 locum
441 2706 457 2744 e
476 2689 575 2744 lexicis
593 2689 742 2744 rhetoricis
761 2689 874 2744 fluxisse
893 2689 1057 2759 putaverim.

262 2781 284 2846 ¹)
302 2779 411 2834 Alludit
430 2780 466 2835 ad
484 2785 609 2834 nostrum
627 2780 704 2833 Eust.
725 2797 751 2848 p.
771 2781 836 2845 500,
857 2781 908 2847 10,
929 2778 963 2833 ef.
983 2781 1048 2833 Hes.
1068 2796 1090 2833 s.
1111 2796 1134 2833 v.
1155 2779 1341 2847 δνοπαλίξειν,

171 2865 365 2935 ἐδνοπάλιξεν.
402 2870 435 2924 In
458 2869 503 2923 Et.
527 2870 824 2937 Μ.281,17.ο11ειε
846 2869 938 2938 glossa
962 2869 1139 2934 δνοπαλίξεις
1161 2871 1254 2938 (sensu
1277 2871 1340 2925 sub-

172 2958 295 3014 stantivo
313 2958 487 3028 accipienda)
511 2975 573 3013 cum
592 2958 778 3014 atticistarum
796 2959 989 3014 observatione
1009 2958 1163 3016 coniuncta.
1183 2991 1217 2999 -
1237 2962 1340 3014 δυοκα-

169 3050 258 3114 λίξεις
275 3063 320 3118 ap.
339 3048 414 3104 Suid.
434 3049 502 3103 Lex.
521 3049 635 3104 Baohm.
654 3051 715 3117 200,
736 3050 778 3104 15.
797 3050 862 3104 Hes.
881 3049 927 3103 Et.
946 3049 1016 3104 Gud.
1036 3050 1097 3114 149,
1117 3052 1141 3104 9.

217 3139 280 3194 372.
300 3139 404 3193 Lexica
422 3138 462 3192 nil
482 3138 573 3193 simile
593 3139 733 3194 exhibent.
758 3141 875 3208 Propter
893 3138 1064 3211 Thucydidis
1081 3143 1185 3211 χρῆσιν
1203 3139 1341 3210 fragmen-

173 3232 233 3282 tum
252 3244 287 3283 ex
304 3227 405 3283 Aelio
423 3228 590 3298 Dionysio
608 3228 729 3298 petitum
747 3244 809 3282 esse
828 3245 935 3298 censeo,
955 3229 989 3285 cf.
1009 3230 1080 3286 Nab.
1099 3230 1171 3285 Prol.
1190 3248 1216 3300 p.
1236 3232 1278 3285 25.

265 3318 286 3386 ¹)
303 3317 375 3373 Mire
388 3333 455 3372 sane
469 3318 647 3388 Thucydides
660 3318 798 3384 laudatur,
818 3318 896 3373 cuius
908 3319 938 3373 iu
950 3325 1030 3375 textu
1042 3321 1146 3376 tradito
1164 3321 1253 3376 forma
1266 3323 1342 3377 δυεῖν

172 3423 309 3476 nusquam
327 3413 452 3477 apparet.
472 3410 535 3462 δυσὶ
551 3423 615 3462 vero
634 3424 697 3462 mss.
717 3408 855 3477 praebent
873 3410 909 3462 ad
924 3410 998 3466 VIII.
1014 3412 1074 3479 101,
1090 3414 1114 3464 1.
1134 3409 1186 3464 Illo
1199 3426 1263 3465 vero
1282 3411 1342 3465 loco

172 3496 331 3567 genetivum
354 3497 499 3566 temporis,
525 3497 573 3566 qui
591 3503 718 3563 vocatur,
743 3497 897 3552 desiderari
920 3498 975 3552 iam
994 3499 1149 3554 Lobeckius
1168 3505 1197 3553 et
1215 3500 1340 3555 Horwer·

172 3587 261 3642 denus
284 3585 496 3654 intellexerunt,
522 3586 556 3641 cf.
577 3587 692 3642 Classen
710 3587 729 3640 l.
749 3587 768 3640 l.
796 3588 862 3642 Ideo
887 3589 966 3642 δυοῖν
987 3583 1109 3659 ἡμέραιν
1126 3591 1156 3644 iu
1175 3591 1282 3644 textum
1301 3588 1339 3643 ol.

171 3676 288 3746 recepit.
312 3676 416 3731 Lexico
428 3680 521 3730 nostro
535 3678 670 3731 suadente
685 3678 761 3731 δυεῖν
779 3692 914 3745 reponere
933 3677 1036 3744 malim,
1056 3677 1090 3732 cf.
1103 3679 1203 3748 Phryu.
1217 3679 1258 3734 ed.
1273 3679 1339 3733 Lob.

173 3782 200 3834 p.
221 3765 282 3820 210.
302 3764 392 3820 Schol.
411 3765 478 3819 Eur.
496 3766 564 3820 Hec.
584 3767 627 3821 45.
646 3766 794 3830 —Verba
817 3766 964 3835 sequentia
984 3765 1061 3821 uncis
1079 3767 1253 3836 Inclusimus,
1278 3785 1339 3823 cum

172 3850 204 3908 τὸ
234 3852 264 3908 δὲ
294 3856 357 3909 δνσὶ
384 3855 420 3910 ad
446 3856 535 3910 Iocum
559 3856 769 3926 Thucydideum
797 3856 938 3925 respicere
967 3856 1085 3910 credam.
1123 3857 1184 3911 Non
1212 3874 1276 3912 vero
1304 3859 1339 3912 ab

172 3943 315 3999 atticistae
334 3944 448 4000 consilio
466 3945 567 4011 aliena,
587 3947 637 4000 sed
655 3947 715 4002 loco
734 3962 782 4000 suo
801 3951 876 4000 mota
895 3951 965 3999 sunt.

262 4034 283 4100 Ξ)
302 4033 342 4090 Of.
361 4034 511 4090 Herodian.
530 4037 573 4089 ed.
587 4036 683 4091 Lenta.
696 4037 716 4109 I.
732 4037 793 4101 421,
807 4038 849 4091 27.
869 4037 904 4090 ΙΙ.
926 4036 985 4100 660,
1001 4036 1044 4090 31.
1063 4065 1098 4074 -
1117 4034 1191 4090 Suid.
1210 4052 1231 4090 s.
1250 4053 1275 4090 v.
1288 4037 1338 4091 Po·

171 4121 277 4193 lybium
295 4125 399 4179 laudat.
419 4125 464 4179 Et.
478 4126 515 4180 M.
529 4127 589 4190 291,
605 4127 646 4181 17.
661 4126 778 4181 diversa.
798 4156 831 4164 —
850 4125 923 4179 MIra
943 4128 1013 4190 sunt,
1034 4141 1104 4192 quae
1119 4126 1247 4180 Eustath.
1262 4127 1338 4193 1907,

171 4214 208 4268 50
227 4228 262 4267 ex
280 4213 431 4270 Heraclide
449 4215 560 4270 Milesio
578 4216 702 4284 protulit.
731 4214 771 4271 ef.
792 4217 885 4280 cohn,
905 4215 982 4271 Stud.
1001 4215 1091 4269 Berol.
1112 4216 1132 4269 I.
1152 4232 1178 4284 p.
1199 4216 1258 4270 712.

262 4301 284 4370 ⁸)
302 4303 345 4358 Ex
369 4305 464 4360 eodem
487 4304 578 4360 lexico
601 4308 724 4375 prolata,
752 4310 784 4361 ut
807 4310 924 4377 apparet
948 4322 983 4361 ca
1006 4306 1099 4362 dativo
1122 4305 1235 4374 omisso,
1260 4322 1339 4379 quem

172 4392 302 4450 Eustath.
320 4393 377 4449 iarn
395 4394 476 4452 Initio
494 4395 667 4453 laudaverat.
