3000 5040
633 226 695 290 123

67 378 343 472 Ἀριστοκράτους
369 384 479 472 (immo
500 377 739 470 Άνδροτίοινος
766 389 785 468 ξ
811 385 877 470 72).
909 381 964 464 „ol
991 380 1152 469 σύμμαχοι
1175 376 1245 469 άρι-

72 504 186 558 στεῖον
212 497 256 576 τῇ
276 483 435 580 Ἀθηναίᾳ
459 492 561 574 (Euat.
583 483 720 579 Ἀθηνᾷ)
749 483 980 575 [άνέθεσαν]“.
1015 492 1072 556 καὶ
1098 487 1246 556 Πλάτων

71 591 268 685 Εὐθυδήμῳ
291 598 429 685 (3021).)
452 593 601 682 ,ἑρκεῖος
623 589 707 675 Ζεὺς
733 599 791 662 καὶ
818 593 980 683 φράτριος
1006 599 1064 662 καὶ
1087 589 1245 684 Ἀθηναία

72 707 249 790 φρατρίαἰί
283 705 380 786 φασὶ
408 703 450 770 δὲ
478 701 516 769 οἱ
542 705 722 784 παλαιοὶ,
750 695 797 781 ὡς
824 697 962 768 ἐπειδάν
984 697 1129 789 ἤρξαντο
1152 695 1244 791 Ἀθη-

72 822 165 876 ναίαι
188 822 341 896 γυναῖκες
368 810 526 894 λέγεσθαι
550 801 627 874 άντὶ
654 802 768 876 άστῶν
795 811 852 874 καὶ
874 802 1046 890 Ἀττικῶν,
1074 803 1121 886 ὡς
1146 814 1245 894 Φερε-
1272 831 1285 872 5

72 912 198 1003 κράτης
221 915 271 1000 (fr.
291 917 343 982 34.
361 917 465 1001 Kook)

193 1106 196 1112 Ι
227 1015 418 1109 Ἀθηναίαις
441 1015 556 1101 αὐταῖς
578 1045 615 1087 τε
637 1024 789 1100 καὶτοῖς
812 1017 1001 1106 ξυμμάχοις,

71 1125 152 1195 τότε
170 1122 294 1216 ἤρξατο
314 1127 425 1215 ἐκείνη
443 1128 600 1214 λέγεσθαι
617 1124 845 1214 τρισυλλάβως
862 1121 994 1215 Ἀθηνᾶ.
1017 1129 1096 1213 περὶ
1115 1128 1151 1193 δὲ
1170 1124 1245 1195 τού-

72 1259 137 1302 του
160 1234 287 1322 εἰρηται
310 1237 367 1301 καὶ
391 1235 428 1301 έν
450 1242 492 1319 τῇ
515 1245 537 1300 oi
559 1241 617 1322 τῆς
640 1227 776 1311 Ἰλιάδος
799 1236 833 1322 (i.
853 1256 878 1300 e.
899 1235 950 1312 84,
971 1235 1036 1321 17).

164 1343 214 1407 82.
246 1342 419 1408 Eustath.
438 1364 468 1426 p.
489 1340 588 1418 1573,
608 1341 658 1406 66.
695 1339 806 1406 ἰστέον
836 1340 872 1405 δὲ
895 1331 948 1406 ὅτι
971 1332 1056 1406 κατά
1081 1332 1161 1417 τοὺς
1182 1364 1244 1406 αα-
1260 1366 1286 1405 10

72 1439 188 1525 λαιοὺς
210 1440 252 1513 οὗ
273 1443 382 1532 μόνον
406 1445 522 1532 ἕτερον
549 1449 607 1512 καὶ
630 1443 739 1532 ἕτερα,
768 1438 851 1511 άλλά
880 1448 937 1511 καὶ
962 1438 1045 1531 μετὰ
1071 1454 1134 1512 τοῦ
1156 1452 1247 1532 θῆτα

71 1550 286 1640 θάτερονῑ)
301 1555 358 1619 καὶ
377 1550 530 1640 θάτερα
549 1553 678 1638 λέγεται
696 1545 737 1619 τὸ
756 1560 827 1618 τῶν
847 1545 1039 1638 οὐδετέρων
1056 1558 1245 1640 πληθυντι-

71 1652 137 1727 κὸν
161 1655 285 1726 ἑνικόν.
321 1656 521 1746 Χρύσιππος
544 1660 580 1725 δὲ
603 1658 711 1745 λέγων
734 1651 796 1726 τὸν
819 1655 969 1745 θάτερον
991 1667 1063 1725 τῶν
1086 1655 1245 1726 Διοσκού-

73 1790 147 1852 ρων
165 1763 312 1851 ἐσχάτους
334 1767 533 1852 βαρβαρίζει,
557 1757 604 1843 ὥς
627 1783 707 1852 φησι
730 1767 974 1844 Παυσανίας·
999 1757 1038 1831 τὸ
1062 1758 1124 1851 γάρ
1148 1759 1245 1851 άρσε-

72 1865 172 1939 νικὸν
194 1865 280 1939 κατὰ
303 1880 367 1959 τῆν
390 1863 501 1959 ὀρθὴν
524 1863 642 1957 άτερος
665 1872 795 1957 λέγεται
817 1872 947 1956 κραθὲν
967 1863 1035 1938 άπὸ
1053 1880 1116 1938 τοῦ
1140 1865 1158 1939 ὃ
1178 1869 1285 1938 irs-15

71 2002 140 2066 ρος.
164 2018 208 2028 -
231 1975 301 2046 ’έστι
325 1979 361 2044 δὲ
384 1980 441 2044 καὶ
463 1979 613 2064 θατέρου
635 1971 749 2065 γενικὴ
774 1974 875 2065 ἓνικὴ.
899 1980 956 2043 καὶ
974 1979 1111 2065 θατέρῳ
1131 1971 1245 2066 δοτικὴ

71 2093 145 2151 τῶν
164 2081 287 2151 ἑνικῶν
307 2078 349 2152 οὐ
366 2085 534 2171 θατέροις.
559 2077 769 2170 σολοικισμὸς
786 2077 848 2172 γάρ
867 2093 969 2151 τοῦτο
989 2078 1075 2151 κατά
1089 2087 1245 2151 Παυσα-

71 2195 173 2258 νίαν.
199 2191 253 2258 ἐπὶ
274 2193 310 2258 δὲ
329 2191 514 2278 αἰτιατικῆς
537 2184 579 2256 οὐ
602 2198 766 2277 κιρνᾶται,
789 2184 831 2257 τά
855 2192 891 2257 δὲ
914 2184 1049 2279 θηλυκά
1073 2184 1163 2258 οὕτω
1187 2209 1244 2258 συ-

70 2301 268 2382 ναλείφεται
298 2290 433 2385 ἧ’τέρα
465 2299 523 2363 καὶ
554 2298 684 2387 θητέρᾳ
712 2292 790 2364 οὔτε
819 2298 854 2364 δὲ
887 2290 972 2364 κατὰ
1004 2290 1140 2385 γενικὴν
1168 2292 1246 2365 οὔτε

71 2397 159 2471 κατά
183 2397 368 2491 αἰτιατικὴν
389 2411 553 2490 κιρνᾶται.
1259 2428 1286 2467 ao

164 2512 215 2579 83.
237 2513 408 2578 Eustath.
428 2535 458 2596 p.
475 2512 571 2588 1157,
590 2511 642 2577 33.
668 2503 686 2576 ὁ
707 2502 875 2599 αὐλώνῑ)
895 2507 1055 2598 ἐπιμήκης
1069 2502 1170 2588 αὐτὸς
1188 2512 1245 2575 καὶ

70 2615 270 2705 παραμήκης
291 2613 453 2702 ποταμός.
488 2609 574 2684 ὅθεν
597 2619 654 2682 καὶ
678 2618 876 2704 δίαυλοςλ)
900 2619 957 2683 καὶ
980 2609 1136 2701 αάλὸςθ)
1159 2608 1245 2681 κατά

71 2727 307 2791 Παυσανίαν
329 2715 369 2789 τὸ
394 2720 542 2791 στάδιον.
576 2719 741 2807 Αἰσχύλος
764 2724 802 2789 δέ
823 2740 925 2810 φησιν
948 2724 1006 2788 καὶ
1028 2715 1090 2810 τὴν
1113 2719 1246 2809 τάφρον

72 2822 315 2916 αάλωτοὺςί)
340 2823 394 2896 διά
416 2823 456 2896 τὸ
479 2825 659 2910 κάδωνάς,
683 2847 792 2917 φησι,
820 2836 1021 2917 προσῆφθαι
1045 2822 1172 2910 αὐτοῖς,
1196 2824 1246 2906 οἷς

117 3098 161 3152 82.
182 3098 201 3163 ¹)
221 3095 355 3152 Convenit
367 3096 446 3150 Phot.
461 3112 482 3151 s.
497 3113 522 3150 v.
537 3091 670 3166 θάτερος.
698 3096 805 3152 Eadem
819 3096 944 3152 doctrina
963 3096 1036 3167 apud
1050 3097 1169 3152 Gramm.
1183 3101 1246 3166 post

72 3184 248 3240 Ammonium
267 3183 467 3240 Valckenaarii
484 3201 512 3254 p.
532 3186 606 3251 195,
630 3185 677 3255 qui
696 3185 845 3257 Chrysippi
863 3186 948 3242 verba
966 3187 1119 3241 Menandro
1137 3185 1244 3241 tribuit.

72 3273 180 3328 Aneod.
195 3273 308 3328 Baohm.
318 3274 340 3327 I.
354 3274 415 3340 254,
428 3275 453 3329 8.
466 3304 502 3314 —
515 3274 641 3329 Alteram
654 3273 816 3343 doctrinam,
836 3280 865 3330 et
878 3274 968 3344 ipsam
980 3274 1016 3329 ab
1028 3276 1106 3330 Euat.
1121 3276 1139 3330 1.
1152 3276 1170 3331 l.
1184 3291 1246 3344 pro-

71 3360 168 3427 latam,
187 3363 311 3417 consulto
329 3361 417 3430 omisi,
444 3363 516 3431 quod
535 3377 551 3417 e
568 3361 694 3418 Dorica
712 3362 832 3419 dialecto
851 3363 968 3420 formam
985 3363 1155 3434 pronominis
1173 3363 1246 3418 deri-

73 3465 140 3505 vare
159 3451 261 3519 studet,
281 3450 315 3506 ol.
329 3451 457 3506 Eustath.
471 3451 550 3519 1385,
563 3452 606 3506 50.
626 3452 704 3517 1573,
723 3453 766 3507 35.
785 3452 830 3506 Et.
844 3453 882 3507 M.
901 3453 963 3521 443,
982 3452 1017 3507 35
1031 3469 1092 3507 oum
1106 3450 1246 3507 Gaisfordi

71 3537 153 3593 notis.
181 3539 226 3594 Et.
246 3539 315 3594 ouo.
334 3540 396 3607 255,
417 3541 459 3594 12.
487 3538 533 3594 Or.
553 3540 596 3608 74,
616 3540 658 3596 15.
687 3539 759 3596 Mill.
778 3541 845 3596 Mel.
864 3557 891 3609 p.
912 3542 970 3597 155.

117 3629 160 3682 83.
180 3627 202 3698 ¹)
221 3627 260 3683 Ut
272 3627 415 3682 Eustathii
426 3643 485 3682 mos
498 3626 560 3696 fuit,
578 3643 633 3682 non
648 3645 730 3683 unam
743 3629 862 3698 glossam
875 3645 910 3683 ex
929 3629 1006 3684 attio.
1020 3628 1119 3683 lexicis
1138 3627 1245 3682 deliba·

73 3716 127 3782 vit,
147 3716 197 3771 sed
215 3716 323 3786 plures,
347 3732 416 3785 quas
435 3716 596 3772 coniunctas
615 3717 693 3786 vidit,
712 3734 768 3773 una
786 3718 815 3772 in
834 3735 885 3774 sua
908 3717 1077 3787 deportavit3
1101 3715 1164 3770 ideo
1183 3731 1245 3769 eum

74 3806 110 3860 de
129 3799 237 3869 αὐλάν,
257 3800 356 3870 αὐλὸς,
377 3800 504 3870 αὐλατός
523 3806 635 3861 vocibus
654 3806 820 3862 Pausaniam
843 3807 947 3862 adiisse
966 3809 996 3860 et
1013 3807 1104 3861 locum
1121 3805 1245 3873 Aeschy-

74 3893 149 3949 leum
167 3894 233 3948 inde
252 3894 428 3950 transtulisse
447 3892 562 3949 confido.

164 3983 184 4050 ²)
203 3983 280 4038 Most.
300 3986 329 4038 et
347 3984 365 4037 l.
384 3984 403 4038 l.
423 3987 497 4052 etp.
516 3984 594 4050 1107,
614 3985 656 4038 63.
676 3983 754 4050 1483,
774 3984 816 4038 53.
836 3985 948 4047 δίαυλος
966 4007 1001 4028 =
1020 3976 1106 4046 αὐλός
1124 3997 1185 4037 esse
1204 3980 1246 4034 di·

72 4071 124 4140 oit,
147 4074 199 4128 sed
222 4072 310 4128 aeteri
329 4071 520 4142 lexicographi
539 4073 736 4140 obloquuntur,
761 4071 795 4127 of.
815 4071 890 4128 Suid.
910 4089 931 4128 s.
950 4089 975 4127 v.
995 4071 1040 4126 Et.
1059 4071 1097 4126 M.
1119 4072 1182 4137 176,
1201 4070 1245 4124 26.

72 4161 133 4227 743,
153 4163 196 4216 17.

162 4249 183 4316 ³)
202 4251 247 4306 Et.
265 4252 304 4305 Μ.
323 4250 342 4304 l.
362 4251 380 4304 l.

160 4339 182 4403 ⁴)
200 4338 266 4394 Hos.
285 4356 306 4394 s.
325 4357 350 4394 v.
