3000 5040
804 251 868 316 142

339 410 411 474 121.
445 409 617 476 Eustaih.
637 431 666 492 p.
688 410 783 487 1453,
804 410 853 474 19.
887 411 1068 496 σημείωσαι
1091 409 1128 476 δὲ
1151 401 1204 476 ὅτι
1225 412 1425 498 πρῶτοςῑ)

247 509 290 582 ἂν
313 512 432 602 ῥηθείη
460 520 600 595 πλοῦς,
624 509 642 581 ὁ
667 507 734 581 ὑπὸ
758 522 821 581 τοῦ
839 507 991 602 Ὀμήρου,
1015 508 1062 594 οός
1085 515 1219 605 ἐρρέθη,
1241 521 1424 603 φρασθεὶς·

250 623 317 708 είγε
348 619 534 708 δεύτερος
560 625 720 706 πλοῦςῑ)
752 623 882 707 λέγεται
909 612 987 703 ,ὅτε
1015 614 1198 708 α’ποτυχοόν
1224 646 1277 702 τις
1303 616 1426 710 οὐρίου

247 727 384 808 νιοόπαις
406 729 521 795 πλέεν(
543 721 629 794 κατὰ
652 730 929 817 Παυσανίανῖ).

222 857 234 896 s
341 839 412 902 122.
446 837 617 901 Eusiath.
640 858 670 919 p.
696 835 795 912 1825,
820 836 848 900 5.
883 837 1117 922 δημιουργοὶ
1147 877 1186 886 -
1213 831 1357 903 οἱκατὰ
1380 830 1422 904 τό

249 940 411 1032 δημόσιον
427 942 642 1029 χειροτέχναι,
666 942 699 1007 οἳ
716 943 773 1007 καὶ
795 944 912 1028 κλητοί
932 941 1004 1023 εἰσι,
1024 939 1112 1009 διότι
1129 946 1315 1010 καλοῦνταί
1338 967 1424 1010 ποτε

247 1044 412 1130 ἄλλοθεν,
445 1042 491 1127 ὡς
519 1048 714 1134 έτνμολογεῑ
740 1041 759 1114 ὁ
787 1045 935 1136 ποιητής.
982 1049 1122 1128 Αίλιος
1150 1051 1186 1116 δέ
1214 1047 1425 1128 Διονύσιός

188 1146 366 1246 Qun,
400 1148 452 1222 ὅτι
486 1147 688 1241 δημιουργὸν
714 1147 856 1222 Ἀττικοὶ
887 1155 1042 1241 λέγουσιν
1075 1150 1153 1222 οότε
1185 1149 1248 1223 τόν
1282 1158 1425 1247 δημοσίᾳ

72 1255 117 1363 ‘²1¹
193 1256 199 1261 ’
247 1270 516 1349 μισθαρνοῦντα,
549 1255 595 1339 ὡς
615 1254 769 1348 Ὅμηρος,
802 1255 881 1327 οὔτε
907 1253 970 1327 τὸν
1000 1259 1106 1349 δήμου
1133 1271 1349 1350 προεστῶτα,
1377 1256 1426 1342 ὡς

117 1381 146 1441 ³.
209 1391 235 1430 ro
252 1368 285 1437 οὶ
307 1371 454 1456 Δωριεῖς,
478 1359 563 1433 ἀλλὰ
586 1379 728 1452 γυναῖκα
750 1368 942 1434 πίπτουσαν
964 1368 1120 1453 πέμματα
1130 1369 1166 1456 ²).
1194 1371 1426 1448 Παυσανίας

249 1477 285 1542 δέ
303 1477 399 1562 λέγει,
423 1467 476 1541 ότι
496 1475 690 1560 δημιουργοὶ
708 1471 742 1539 οἳ
762 1475 902 1565 δημοσίᾳ
921 1471 1137 1562 ἐργαζόμενοι
1156 1468 1425 1562 όρχιτέκτονεςῖ)

248 1585 305 1650 καὶ
329 1574 418 1664 ἅπαξ
439 1578 564 1658 πάντες
588 1578 621 1646 οὶ
641 1581 861 1666 χειροτέχναι,
889 1582 923 1648 οἳ
948 1574 1116 1668 γεωργοὺς
1143 1584 1201 1648 καὶ
1227 1575 1426 1661 πολιτικοὺς

250 1682 414 1773 οόφέλουν.
449 1680 536 1755 ὅθεν
560 1689 768 1775 δημιουργοί,
791 1705 899 1775 φησι,
922 1690 978 1754 καί
998 1686 1032 1755 αἱ
1049 1702 1121 1767 τοῖς
1142 1685 1259 1774 γάμοις
1277 1682 1321 1755 τὰ
1345 1685 1425 1774 σύμ-

249 1820 339 1882 φορα
354 1796 548 1875 πίπτουσαι,
563 1794 598 1860 αἳ
610 1795 667 1859 καὶ
681 1797 857 1879 νυμφίους,
876 1797 1010 1883 φησὶν,
1030 1792 1152 1862 έλουον
1166 1798 1223 1862 καὶ
1237 1794 1426 1883 ἱερουργίας

209 1920 235 1960 1⁵
250 1902 287 1967 ἐν
313 1898 429 1987 γάμοις
458 1900 599 1967 ἐποίουν
626 1902 683 1965 καὶ
710 1897 850 1967 πόπανα
872 1894 1076 1969 παντοδαπὰ
1099 1903 1156 1969 καὶ
1179 1896 1303 1989 ἄρτους
1327 1899 1425 1969 ἕπετ-

248 2010 347 2094 torst)
369 2009 427 2073 καὶ
449 1999 510 2085 τὰς
532 2003 638 2091 κόμας
661 1999 844 2088 odoratior.

340 2115 410 2181 123.
450 2115 622 2179 Eustath.
646 2137 676 2197 p.
701 2115 780 2192 901,
806 2116 855 2180 10.
889 2113 961 2180 ἐπεὶ
990 2115 1026 2181 δὲ
1049 2107 1199 2182 εὐτέλεια
1220 2140 1272 2194 τις
1294 2122 1346 2202 τοῦ
1369 2113 1426 2203 δή·

248 2246 301 2307 μῳ
321 2216 602 2300 συνυπακούεται,
625 2213 729 2306 ἤγουν
748 2227 797 2305 τοῦ
816 2217 956 2307 ῥηθέντι
980 2217 1104 2308 όημότη
1128 2215 1236 2309 ἀνδρὶ,
1260 2223 1358 2288 δοκεῖ
1374 2221 1427 2288 ὲν-

249 2335 374 2394 τεῦθεν
397 2329 621 2414 όημοῦσθαι
644 2323 790 2413 ῥηθῆναι
813 2320 905 2412 παρὰ
928 2334 977 2413 τῷ
1001 2325 1180 2415 φιλοσόφῳ
1200 2325 1362 2396 Πλάτωνι
1383 2320 1426 2394 τὸ

211 2451 238 2492 ²0
250 2437 393 2516 παίζειν,
417 2427 463 2512 ὡς
486 2428 661 2520 ἓρμηνεόει
683 2432 821 2510 Αἴλιος
845 2430 1097 2520 Αιονόσιοςῑ).

251 2594 312 2662 185,
325 2594 368 2647 24.
388 2595 485 2663 δεῦρο·
505 2593 606 2646 πολλοὶ
624 2589 677 2659 μἐν
697 2587 744 2646 ἐπὶ
760 2586 867 2662 χρόνον
885 2587 1025 2647 τόσσονσι
1043 2587 1077 2648 τὸ
1095 2594 1190 2662 δεῦρο,
1208 2576 1238 2648 οἳ
1255 2588 1376 2666 ῥήτορες
1394 2591 1428 2649 δὲ

252 2678 300 2736 ἐπὶ
318 2685 369 2736 τοῦ
389 2676 480 2736 τόπον
500 2676 552 2744 ἀεί,
573 2695 629 2749 qua
647 2697 708 2735 cum
727 2680 819 2748 glossa
838 2696 985 2750 componas
1004 2680 1079 2737 Suid.
1098 2681 1134 2751 gl.
1154 2683 1179 2736 2.

296 2772 355 2826 121.
376 2773 397 2837 1)
414 2770 512 2824 Priora
529 2769 685 2824 Pausaniae
704 2768 790 2823 tribui
807 2776 898 2839 propt.
916 2770 994 2824 Eust.
1015 2771 1076 2838 661,
1094 2770 1138 2825 43.

342 2861 362 2926 2)
382 2859 464 2913 Conv.
489 2857 564 2913 Suid.
583 2858 651 2912 Lex.
671 2859 784 2912 Baohm.
805 2859 869 2926 191,
889 2860 932 2912 31.
955 2859 1060 2912 Aneod.
1080 2857 1202 2913 Boisson.
1222 2859 1257 2914 H.
1276 2859 1338 2914 445.
1357 2858 1426 2914 Dio·

252 2965 313 3018 gen.
324 2949 359 3001 ΙΙ.
369 2948 412 3002 45.
426 2946 483 3015 (qni
497 2946 687 3000 Philemonem
698 2945 831 3000 comicum
841 2949 942 3001 testem
954 2947 1069 3012 laudat).
1084 2946 1168 3001 Mein.
1180 2947 1253 3002 Com.
1263 2948 1310 3004 IV.
1320 2964 1347 3016 ρ.
1363 2948 1425 3003 139.

252 3052 330 3092 usum
345 3035 419 3090 vocis
432 3036 584 3089 Menandro
596 3036 722 3089 tribuere
734 3035 848 3102 mavult,
867 3034 902 3090 of.
916 3035 990 3090 Stob.
1003 3035 1101 3089 Floril.
1115 3035 1187 3089 LIX.
1201 3037 1226 3090 9.
1246 3035 1426 3092 (151851οοί-

253 3124 375 3181 dewinus
393 3125 411 3178 l.
431 3123 450 3178 l.
469 3123 636 3191 obloquitur,
656 3139 718 3178 oum
737 3122 826 3178 Schol.
846 3123 917 3179 Plat.
930 3124 1034 3178 Phaed.
1048 3142 1075 3192 p.
1089 3124 1160 3179 991)
1179 3125 1293 3193 (Macar.
1307 3125 1357 3179 III.
1371 3126 1425 3194 20).

254 3213 408 3280 exquisitae
427 3211 570 3266 doctrinae
584 3213 683 3280 plenus
702 3211 792 3266 locum
811 3227 846 3266 ex
865 3212 1066 3283 Thrasyleonis
1085 3213 1203 3282 petitum
1223 3213 1351 3269 omittere
1369 3229 1426 3269 non

252 3302 388 3356 debuerit.
407 3331 443 3340 -
461 3300 549 3355 Kook.
569 3301 643 3354 Men.
663 3300 696 3355 ir.
716 3301 776 3355 241.
796 3301 938 3356 Meinekio
957 3301 1122 3356 adsentitur.

298 3391 358 3444 122.
380 3392 400 3455 1)
418 3389 462 3443 Ex
480 3389 623 3458 utriusque
643 3389 769 3444 doctrina
787 3390 852 3444 Hes.
872 3405 922 3444 sua
940 3389 1073 3446 confudit.
1107 3389 1171 3446 Alio
1190 3391 1270 3446 modo
1288 3391 1427 3460 prooessit

252 3477 327 3535 Suid.
347 3478 383 3547 gl.
403 3480 426 3532 1.
447 3478 535 3532 Sohol.
549 3479 597 3532 Ar.
611 3478 661 3546 Eq.
675 3478 734 3534 650.
754 3477 879 3532 Tertiam
898 3479 972 3534 viam
989 3479 1034 3534 nt.
1051 3480 1089 3534 M.
1103 3479 1165 3548 265,
1178 3480 1213 3534 43
1232 3484 1276 3546 (=
1294 3479 1339 3535 nt.
1353 3480 1425 3536 Gud.

254 3568 314 3637 141,
334 3568 378 3635 31,
397 3569 469 3635 quod
486 3565 654 3621 foedissimis
672 3566 779 3622 mendis
798 3566 863 3622 inde
882 3567 1056 3624 liberandum
1076 3568 1129 3639 est)
1148 3567 1268 3638 aperuit.

343 3655 365 3725 ²)
384 3654 419 3710 of.
438 3655 504 3710 Hes.
523 3672 545 3710 s.
564 3674 588 3710 v.
608 3656 787 3727 δημιουργεῖ,
812 3655 901 3712 Schol.
921 3659 968 3711 Ar.
987 3658 1050 3712 Pac.
1070 3658 1131 3713 296.
1155 3656 1230 3713 Suid.
1249 3658 1286 3726 gl.
1306 3657 1332 3711 2.
1355 3657 1424 3712 Lex.

252 3745 365 3801 Baohm.
386 3744 446 3810 193,
465 3746 490 3799 8.

340 3833 363 3904 ³)
383 3833 418 3888 ef.
437 3833 505 3887 Poll.
525 3833 574 3887 III.
594 3831 637 3886 41.
665 3832 896 3901 Antiquissimum
918 3834 1001 3888 huius
1024 3834 1067 3888 rei
1085 3832 1274 3889 testimonium
1292 3849 1337 3903 ap.
1356 3835 1423 3889 Ath.

253 3922 300 3980 IV.
317 3922 464 3976 itan-c.
484 3922 565 3989 (male
585 3925 708 3990 excerpt.
728 3938 772 3990 ap.
792 3921 870 3977 Eust.
890 3924 972 3989 1082,
992 3924 1034 3978 39.
1054 3923 1138 3988 1858,
1157 3922 1210 3992 51).
1236 3921 1270 3977 oi.
1290 3923 1362 3978 Prol.
1382 3924 1425 3978 60.

299 4013 358 4066 123.
378 4011 400 4080 ²)
420 4011 502 4066 Gonu.
522 4011 610 4066 Schol.
630 4011 702 4065 Plat.
721 4010 836 4065 Theaet.
863 4012 951 4066 161Ε.
981 4006 1167 4080 δημοόμενον.
1196 4012 1425 4078 δημοκοποῦντα,

253 4099 404 4166 παίζοντα,
434 4094 613 4154 θωπεύοντα.
648 4098 682 4154 of.
707 4099 777 4153 Tim.
802 4099 877 4154 Suid.
901 4101 968 4155 Hes.
986 4098 1180 4154 Pseudo-Did.
1206 4114 1249 4168 ap.
1268 4098 1339 4153 Mill.
1359 4099 1425 4153 Mel.

253 4204 280 4256 p.
293 4188 353 4242 404.
367 4187 457 4242 senor.
471 4190 519 4242 nr.
532 4188 595 4258 nys.
610 4189 668 4242 601.
684 4188 801 4242 noerio.
814 4188 859 4242 nt.
872 4189 909 4242 ur.
924 4190 984 4254 aas,
997 4189 1040 4243 so.
1056 4190 1227 4256 ιημοοσεαι,
1240 4185 1358 4255 παίζειν.
1379 4174 1427 4242 01¹-

253 4292 308 4339 τως
329 4266 462 4329 Πλοίτιον·
483 4278 531 4330 καὶ
544 4272 744 4344 δημιόματα·
764 4277 888 4346 παίγνια.
916 4276 1010 4331 Etiam
1023 4271 1144 4344 δήμιομα
1161 4291 1264 4344 vocem,
1284 4291 1346 4331 cum
1365 4279 1426 4347 ety-

253 4364 375 4434 mologus
386 4380 448 4419 oum
457 4364 582 4420 atticista
592 4365 745 4431 conveniat,
759 4380 794 4420 ex
803 4365 879 4420 illius
895 4364 1003 4420 seriniis
1015 4365 1134 4434 petitam
1147 4381 1208 4421 esse
1220 4369 1297 4434 puto.
1312 4364 1347 4421 oi.
1357 4365 1427 4423 Hes.
