3000 5040
721 235 764 299 48

247 397 336 461 ldem
359 396 568 461 demonstrari
597 395 717 477 poterit
740 416 779 458 ex
802 391 879 457 Mill.
899 390 970 457 Mel.
989 414 1019 475 p.
1039 391 1115 469 429,
1134 391 1189 457 24.
1217 392 1278 457 καί
1300 387 1332 457 ολ

157 503 219 588 μὶν
237 502 358 566 τέλειοι
376 497 492 587 τράγοι
511 502 566 565 καὶ
587 500 724 582 ίξαλοι.
749 500 787 566 os.
806 499 952 565 Eustath.
970 521 1000 582 p.
1019 496 1095 575 450,
1114 497 1157 563 23
1175 497 1231 585 (fr.
1251 498 1331 584 398)

159 608 200 674 ἐν
224 608 264 674 δὲ
288 604 488 695 ῥητορικῷ
512 613 656 693 λεξικῷ
679 608 831 694 φέρεται,
859 607 916 671 καὶ
944 595 998 670 ὅτι
1020 604 1132 686 ἲξαλος
1155 597 1175 671 ὃ
1199 627 1330 692 προπιμ

160 717 230 780 δῶν
257 717 313 780 καὶ
341 715 475 792 τέλειος.
505 715 542 780 of.
566 722 630 780 not.
657 718 684 781 1.
730 716 923 798 Exoerptum
946 711 1087 777 Athoum
1114 715 1224 777 autem
1246 712 1329 778 leoe-

158 844 228 886 rum
252 843 319 888 esse
342 844 381 886 ex
405 822 491 887 Eunt.
511 845 540 906 p.
563 822 657 899 1625,
677 822 720 886 33
744 827 889 906 apertum
912 825 973 895 est,
1000 818 1055 884 ubi
1079 817 1120 884 ad
1143 839 1254 884 vocem
1276 810 1329 884 άτ-

158 952 252 1016 τημοι
275 928 354 994 haeo
381 929 555 993 adduntur:
593 923 665 993 εἶτα
688 919 797 992 είπάιν
830 928 884 1013 (so.
909 926 1005 992 Arist.
1028 926 1117 1012 Byr.)
1145 926 1227 1012 περὶ
1250 923 1329 990 lov-

159 1031 285 1112 9άοος
316 1027 506 1122 Ὁμηρικοῦ,
544 1025 601 1099 ὅτε
639 1026 695 1116 ἐφ’
727 1027 858 1120 ἡλικίας
897 1024 991 1110 τινάς
1028 1033 1084 1118 (so.
1117 1030 1240 1117 αίγοῦν)
1276 1032 1329 1096 καὶ

158 1140 322 1225 μεγέθους
350 1132 433 1206 αάτά
462 1158 564 1228 φησιν
592 1132 611 1205 ὁ
640 1129 780 1228 ποιητὴς
807 1144 878 1204 κτλ.
923 1140 972 1204 Ad
996 1139 1130 1205 eundem
1153 1138 1261 1203 loonm
1282 1158 1328 1202 re-

160 1249 281 1331 spicere
308 1248 434 1313 videtur
461 1248 498 1312 fr.
519 1249 592 1313 399.
616 1244 780 1324 ἰονθάδος
802 1240 822 1334 ἢ
846 1254 905 1333 τῆς
927 1245 1005 1321 νίας
1032 1244 1088 1331 (so.
1109 1235 1217 1330 αίγός)
1246 1235 1329 1309 κατά

159 1345 238 1431 τοὺς
264 1345 427 1430 παλαιοὺς
455 1346 475 1439 ἢ
506 1364 565 1440 τῆς
596 1357 728 1439 ταχείας
760 1394 800 1402 -
829 1346 851 1440 ἢ
882 1360 941 1440 τῆς
974 1352 1114 1428 δασείας.
1149 1349 1188 1418 of.
1211 1350 1329 1417 Neuoln

159 1483 189 1543 p.
211 1462 282 1526 104.
305 1461 375 1525 107.
395 1468 460 1525 not.
480 1462 531 1524 39.
566 1462 751 1545 Exemplum
775 1461 1057 1526 luculentissimum
1080 1457 1235 1524 habemus
1255 1456 1330 1522 Mill.

160 1563 232 1630 Met.
256 1589 285 1649 p.
309 1566 384 1643 430,
408 1567 436 1630 6.
465 1559 622 1652 μηλωτι)
654 1567 782 1651 λέγεται
810 1568 866 1631 καί
893 1559 913 1652 ἡ
943 1564 1049 1650 αἰγεία
1078 1555 1177 1649 δορὰ,
1204 1554 1270 1650 τὴν
1297 1562 1331 1628 re

159 1678 231 1736 τῶν
249 1668 433 1756 προβάτων
452 1671 540 1748 τινὲς
559 1674 615 1736 καὶ
635 1672 694 1737 οίί
698 1696 743 1759 ην
767 1677 915 1737 καλοῦσι.
944 1679 1015 1736 τῶν
1040 1671 1076 1736 δὲ
1100 1661 1251 1756 άρχαίων
1268 1661 1331 1736 Ἄτ-

159 1785 266 1842 τικῶν
289 1773 373 1841 ἐ’νιοι
398 1770 604 1865 συναλοιφὴν
634 1774 846 1864 ποιούμενοι,
879 1766 962 1842 τάαν
992 1773 1145 1842 ἐκάλουν.
1180 1776 1220 1841 of.
1243 1777 1331 1842 Enst

160 1908 189 1969 p.
217 1885 315 1961 1828,
338 1883 390 1948 57.
416 1885 526 1949 Nauck
554 1908 583 1969 p.
610 1885 682 1949 197.
728 1885 826 1950 Plane
860 1885 998 1951 conoinit
1025 1883 1134 1948 Aelius
1161 1883 1332 1968 Dionysius

161 1991 198 2057 fr.
218 1991 291 2054 266.
311 1991 413 2076 (Eust.
432 2014 461 2075 p.
483 1992 578 2068 1828,
598 1993 655 2078 49)
677 1990 713 2056 ἐν
733 1992 768 2056 δὲ
786 1997 836 2077 τῷ
855 2001 884 2055 τῦ
902 1986 1036 2076 μεγάλῳ
1055 1990 1157 2077 φησὶν
1176 1981 1197 2054 ὃ
1217 1980 1331 2066 αὐτὸς·

163 2085 222 2161 oia.
246 2088 391 2184 μηλωτι).
418 2097 565 2182 διφθέρα
576 2099 611 2181 ¹).

250 2203 406 2269 Ultimum
434 2226 472 2268 ex
499 2204 561 2269 hoo
587 2205 668 2269 libro
696 2205 799 2269 locum
826 2208 935 2268 teneat
962 2200 1332 2285 M111.Msl.p.431,e

160 2311 284 2391 τέττιξ·
309 2301 437 2394 άχέτας,
461 2333 541 2396 quae
564 2312 670 2395 glossa
692 2311 776 2375 redit
798 2311 882 2394 apud
903 2311 969 2374 Ael.
989 2310 1080 2374 Dion.
1099 2307 1137 2372 fr.
1157 2308 1209 2373 31.
1230 2308 1332 2394 (Eunt

161 2441 191 2501 p.
212 2418 307 2493 1481,
326 2416 384 2503 52)
410 2418 513 2503 δῆλον
538 2416 575 2482 ἐκ
598 2424 669 2481 τῶν
688 2415 808 2481 Αἰλίου
828 2417 1016 2496 Διονυσίου,
1040 2404 1077 2492 ὃς
1100 2406 1221 2502 άχέτην
1246 2413 1333 2480 ἐκτί-

162 2528 242 2609 θησι
265 2516 328 2588 τὸν
350 2515 510 2610 ἦχητικόν
533 2524 665 2609 τέττιγα
675 2525 711 2606 2).
732 2563 775 2571 -
794 2523 947 2588 Omnibus
965 2523 1064 2606 igitur
1087 2523 1165 2587 loeis
1189 2541 1229 2586 ex
1251 2521 1333 2587 libro

163 2621 312 2714 ovipara
333 2622 474 2716 ἡλικιῶν
497 2631 607 2714 petitis
630 2631 876 2714 Aristophanem
900 2629 940 2695 ab
960 2629 1051 2694 Aelio
1071 2629 1224 2713 Dionysio
1243 2650 1334 2695 usur-

161 2742 271 2820 patum
295 2757 364 2800 esse
388 2737 522 2802 vidimus
532 2737 569 2824 3).

253 2932 275 2994 ¹)
293 2928 476 2984 Multifsrism
496 2929 622 2984 doctrine
641 2931 691 2984 ille
709 2931 842 2985 recurrit:
866 2947 950 2985 unum
969 2933 1059 2986 locum
1078 2931 1132 2999 (Et.
1146 2930 1217 2987 Gud.
1231 2948 1260 3001 p.
1274 2932 1334 2998 stt,

163 3019 208 3084 31)
227 3019 416 3071 tantummodo
440 3018 533 3072 affero.
560 3011 616 3090 qiu·
641 3015 674 3072 τὸ
699 3021 829 3073 πεδιαῖον
847 3017 948 3091 μέρος,
972 3016 1005 3073 τὸ
1029 3011 1121 3091 άκρον
1139 3021 1192 3074 τοῦ
1210 3015 1334 3088 ἱματίου.

162 3097 180 3174 ἢ
203 3102 275 3176 ἀρχὴ
301 3100 461 3170 ἐξετάσεως
484 3101 546 3174 (λι)
571 3103 644 3177 ἀρχὴ
670 3104 701 3173 ἐξ
724 3103 880 3175 ἐκτάσεως)
903 3104 982 3180 παρὰ
1005 3105 1039 3162 τὸ
1059 3101 1114 3172 οἷς,
1139 3108 1187 3164 ubi
1205 3112 1256 3164 Ar.
1269 3112 1335 3181 Byr.

163 3194 304 3263 pellueore
324 3195 409 3249 vides.

251 3282 272 3347 ²)
297 3283 387 3338 Locus
410 3283 484 3338 solus
508 3288 563 3350 est,
589 3284 637 3354 qui
661 3288 883 3346 oumPsusenia
908 3287 1041 3353 concinit,
1070 3285 1104 3342 ef.
1127 3285 1160 3342 fr.
1178 3287 1222 3342 81.
1244 3287 1335 3356 (Eust.

162 3389 188 3441 p.
204 3371 322 3439 396,1.),
343 3373 416 3440 quod
435 3373 527 3440 glossa
545 3372 598 3427 fuit
618 3376 777 3444 communis,
798 3392 878 3444 quam
895 3376 984 3444 quivis
1002 3381 1132 3444 repetere
1150 3374 1251 3448 potuit

129 3536 133 3544 ι
251 3459 274 3526 ³)
293 3461 423 3515 Fortasse
442 3461 532 3516 locum
551 3463 728 3532 desperatum
746 3465 818 3519 Mill.
834 3466 898 3520 Mel.
914 3466 1015 3534 p.430,
1031 3467 1072 3520 16.
1093 3458 1181 3519 ίννοι
1205 3460 1237 3518 δὲ
1255 3459 1285 3518 οί
1304 3461 1337 3518 ἐκ

164 3552 223 3604 τῶν
242 3544 387 3613 ἐναντίων,
408 3546 440 3615 ἐξ
456 3545 548 3604 ἵππον
567 3547 675 3623 πατρὸς
694 3555 743 3607 καί
762 3546 829 3608 ὄνου
848 3551 956 3624 μητρὸς
970 3555 1113 3623 explicare
1126 3559 1176 3608 out
1194 3553 1336 3623 corrigere

162 3654 315 3707 possumus.
341 3637 375 3693 of.
393 3639 502 3695 Nauck.
517 3657 543 3709 p.
557 3643 618 3695 104.
642 3641 729 3707 (Eunt.
744 3643 822 3708 1625,
836 3643 889 3712 40.)
914 3639 946 3708 ἐξ
962 3637 1054 3696 ίππου
1072 3637 1180 3712 πατρὸς
1198 3643 1249 3696 καί
1267 3634 1336 3697 ὄνου

162 3723 272 3797 μητρὸς
284 3725 427 3798 γεννηθὲν
440 3729 556 3798 γίννος
569 3725 700 3784 ἐκαλεῖτο
714 3725 845 3800 [άγεννίρς
858 3723 899 3785 άίν
912 3727 944 3785 τὸ
958 3727 1105 3802 μέγεθος]Ι
1119 3761 1154 3771 -
1165 3730 1223 3785 lter
1242 3736 1336 3787 antem

166 3815 249 3870 aliter
262 3832 291 3871 se
305 3817 398 3873 habet.
427 3818 561 3873 Doctrina
576 3818 649 3873 enim
663 3823 796 3882 veterum,
816 3837 888 3890 quae
904 3819 1003 3888 ubique
1022 3819 1128 3890 prodiit
1146 3835 1181 3875 ex
1199 3821 1249 3875 Ar.
1262 3819 1336 3875 Hist.

162 3906 214 3959 An.
227 3904 275 3959 VI.
289 3906 341 3973 24,
361 3906 402 3961 sic
422 3905 533 3961 definit:

253 3987 329 4057 ίννος
346 4020 381 4039 =
400 3995 493 4064 proles
513 4011 598 4064 equae
619 4001 647 4050 et
666 3992 765 4066 ὀρέως,

251 4082 347 4150 γίννος
366 4108 400 4126 =
418 4084 511 4152 proles
533 4101 621 4153 equae
641 4085 811 4154 aegrotantis
830 4085 986 4155 (pumilioni
1004 4087 1091 4156 igitur
1109 4085 1229 4154 similis.)

252 4170 400 4224 Aristoteli
419 4173 507 4239 (euius
520 4173 646 4228 doctrina
661 4173 736 4229 redit
754 4175 788 4229 de
807 4191 868 4242 gen.
883 4191 927 4229 nn.
940 4175 976 4230 ΙΙ.
990 4177 1017 4244 8)
1036 4173 1192 4230 adsentitur
1210 4175 1336 4231 ettieistr

162 4256 196 4311 fr.
210 4258 271 4311 212.
286 4256 321 4311 cf.
334 4262 391 4312 not.
405 4260 430 4314 3.
444 4262 488 4328 (=
500 4262 577 4316 Phot.
592 4263 636 4317 Et.
650 4263 688 4317 M.
703 4263 763 4325 621,
776 4263 828 4329 56).
847 4263 954 4320 Nauck.
973 4281 999 4332 p.
1017 4266 1075 4319 109.
1096 4271 1192 4318 contra
1204 4263 1334 4319 Photium

164 4350 285 4416 pugnet,
308 4346 380 4402 Ναὶ).
403 4349 474 4403 Prol.
496 4367 522 4417 p.
548 4350 582 4403 72
606 4350 633 4404 ei
655 4351 818 4407 adsentitur.
855 4351 968 4409 Nullum
991 4356 1084 4408 nutem
1104 4353 1178 4408 inter
1195 4338 1334 4410 Aristote-
