3000 5040
802 268 865 337 174

241 428 483 516 παροξυτόνως
506 430 662 514 ἐλέγοντο
685 423 806 495 καὶτὰ
831 432 868 496 ἐν
891 437 932 514 τῇ
956 421 1076 518 άγορᾷ,
1102 420 1166 512 ἄρ’
1190 417 1241 494 ὦν
1264 428 1420 496 ἐθεῶντο

240 531 281 603 τὸ
309 530 456 603 παλαιὸν
483 529 563 614 τοὺς
585 529 826 614 Διονυσιακοὺς
854 528 987 621 ἀγῶνας
1012 538 1095 623 πρὶν
1123 541 1357 624 σκευασθῆναι
1379 528 1420 602 τὸ

242 644 278 710 ἐν
307 640 472 709 Διονύσου
500 644 657 728 θέατρον.
702 635 754 708 ὅτι
783 643 819 707 δὲ
845 635 887 708 τά
914 650 1056 708 τοιαῦτα
1082 642 1212 728 θέατρα
1235 639 1420 709 θάλασσα

242 752 393 836 κοίληῖ)
418 750 583 834 ἐλέγοντο,
607 751 838 826 Παυσανίας
862 750 964 835 δηλοῖ.

215 878 227 917 5
331 858 404 922 209.
442 856 613 921 Eustath.
638 879 668 939 p.
692 857 771 932 206,
794 856 845 922 27.
883 855 995 922 ἰστέον
1024 855 1061 922 δὲ
1090 846 1143 923 ὅτι
1170 842 1330 922 τάκατά
1356 849 1418 922 τὸν

242 956 387 1048 στραβὸν
411 960 444 1026 οἱ
466 963 604 1027 παλαιοί
627 963 684 1026 καὶ
708 952 798 1026 οὕτω
827 957 1021 1047 φράζουσιν.
1064 959 1098 1028 σί
1124 961 1186 1047 μὲν
1209 954 1257 1039 ὡς
1278 966 1417 1044 βλεπέ-

242 1070 393 1152 δαίμων
422 1061 440 1133 ὃ
470 1067 726 1153 ίιεστραγιμένος
753 1061 813 1146 τὰς
841 1061 935 1151 ὄψεις
967 1069 1025 1133 καί
1057 1062 1132 1134 οἷον
1159 1059 1227 1134 ὑπὸ
1257 1069 1417 1153 δαίμονος

241 1171 419 1260 πεπληγώς
429 1177 464 1258 ¹).
488 1175 719 1251 Παυσανίας
744 1175 779 1239 δὲ
802 1175 1006 1260 προστίθησι
1029 1177 1087 1240 καὶ
1105 1165 1158 1240 ὅτι
1176 1165 1256 1252 τοὺς
1273 1177 1417 1260 Σωκρα-

240 1273 354 1358 τικούς
373 1271 481 1358 οὕτως
500 1277 623 1365 ἐλεγον.
649 1273 745 1345 ἄλλοι
765 1280 800 1345 δὲ
820 1271 872 1345 ὅτι
891 1276 1050 1366 ίλλόςλ)
1075 1277 1225 1366 πλάγιος,
1244 1282 1416 1367 διεστραμ-

202 1410 228 1449 ro
240 1387 349 1471 μένος,
373 1383 523 1472 στραβός.
556 1389 613 1451 καὶ
632 1382 848 1451 ίλλαίατειν
866 1378 906 1451 τὸ
931 1388 1166 1472 στραβίζεινὸ).
1189 1385 1280 1464 τινές
1304 1386 1342 1453 δὲ
1364 1377 1418 1452 ὅτι

242 1489 403 1570 ἐπιλλος
427 1485 747 1578 ὃπαράστραβοςί),
770 1494 826 1556 καὶ.
850 1484 904 1558 ὅτι
927 1485 945 1557 ὁ
971 1485 1209 1579 στρεβλὸςῡ),
1232 1482 1274 1559 ὃν
1298 1490 1333 1558 σί
1353 1516 1417 1558 τια-

241 1601 330 1664 λαιοὶ
353 1591 499 1684 στραβὸν
522 1598 665 1683 λέγουσι,
688 1600 746 1663 καί
765 1591 817 1664 ὅτι
836 1594 1018 1664 ἐλλαίπτειν
1036 1599 1093 1663 καὶ
1112 1595 1417 1682 ἐνιλλοάπτεινὸ)

240 1698 280 1770 τὸ
308 1697 435 1791 ὑγροῖς,
463 1695 509 1782 άς
532 1722 633 1791 φησιν
656 1703 794 1782 Αίλιος
817 1700 1042 1784 Διονύσιος,
1068 1705 1126 1770 καί
1154 1701 1334 1790 ἐπιμύουσι
1360 1707 1418 1771 καὶ

241 1812 566 1895 κατακεκλασμένοις
596 1805 740 1894 ὄμμασιν
767 1809 951 1895 ἐμβλέπειν.
990 1812 1218 1890 Παυσανίας
1246 1811 1284 1878 δὲ
1313 1811 1418 1878 ἐνίλ·

202 1938 227 1978 15
241 1920 362 2003 λεινῖ)
385 1909 424 1982 τὸ
449 1910 641 2001 ὀφθαλμοῖς
659 1923 926 2000 καταμακάσθαι
949 1919 1006 1982 καὶ
1024 1914 1206 1984 ίλλώπτειν
1228 1919 1288 1983 καί
1310 1916 1418 1984 ἐπιλ-

242 2025 374 2111 λοῦνθ)
406 2015 446 2089 τὸ
479 2025 690 2110 μυκτηρίζειν
722 2025 779 2088 καί
810 2019 1105 2090 κατιλλώπτειν
1136 2016 1177 2090 τὸ
1205 2047 1418 2112 καταμυκτη-

242 2131 353 2215 ρίζειν.

331 2237 404 2302 210.
432 2237 603 2302 Eustath.
623 2261 651 2321 p.
674 2238 769 2315 1222,
788 2238 838 2302 33.
867 2235 905 2301 ἐκ
923 2243 981 2322 τῆς
993 2229 1128 2322 Ἴμβρου
1147 2238 1420 2322 φυγοάικοῦντας

243 2334 430 2428 Ἰμβρίους
452 2349 683 2428 τιαροιμιακῶς
707 2339 860 2409 ἐκάλουν.
895 2344 976 2430 φησὶ
1003 2350 1087 2426 γοῦν
1109 2343 1249 2422 Αίλιος
1271 2342 1418 2411 Διονύ-

242 2617 286 2682 (=
306 2612 391 2676 Suid.)
410 2612 479 2665 Lex.
498 2611 610 2665 Baehm.
631 2611 691 2674 261,
711 2612 736 2665 9.
756 2613 800 2678 (=
819 2610 913 2676 suin).
932 2611 977 2665 Et.
996 2611 1034 2665 M.
1053 2611 1114 2677 470,
1133 2613 1176 2667 83.
1195 2613 1241 2667 Et.
1262 2612 1335 2669 (iud.
1354 2616 1419 2684 273,

241 2701 284 2754 27.
308 2700 435 2754 Eustath.
459 2716 486 2767 p.
512 2699 592 2764 1037,
612 2699 655 2754 32.
681 2699 763 2765 1528,
783 2700 826 2754 59.
850 2700 934 2764 1719,
957 2700 999 2754 31.
1024 2699 1165 2768 leguntur,
1189 2699 1304 2756 aliunde
1326 2705 1420 2772 petita

242 2794 318 2853 eunt,
342 2795 371 2841 et
390 2788 587 2855 quodammodo
606 2803 668 2840 cum
687 2787 736 2849 iis,
760 2803 829 2854 quae
849 2793 913 2841 ante
932 2787 1023 2842 locum
1041 2791 1166 2842 nostrum
1188 2789 1289 2860 habes,
1316 2807 1418 2848 conve·

240 2877 330 2943 niunt,
349 2891 439 2943 neque
458 2882 551 2930 tamen
570 2876 618 2943 ita,
637 2881 669 2928 ut
688 2875 804 2929 fontium
823 2891 911 2930 nexus
930 2876 995 2931 inde
1014 2876 1127 2945 agnosci
1145 2876 1242 2945 pessit.

331 2963 351 3030 ²)
372 2964 453 3018 Gonu.
472 2965 551 3018 Phot.
570 2965 636 3041 Hes.
657 2965 828 3019 Geminorum
847 2965 923 3019 iocus
942 2964 1004 3019 fnit.

285 3053 346 3107 209.
366 3053 388 3120 ¹)
408 3052 490 3106 Oenv.
509 3052 582 3106 said.
603 3052 639 3107 cf.
658 3053 726 3108 Poll.
746 3054 767 3107 Ι.
786 3055 829 3108 21.
848 3054 916 3108 Lab.
934 3054 1035 3124 Phryn.
1055 3071 1082 3123 p.
1103 3055 1163 3110 769.
1190 3055 1349 3112 Pausaniae
1368 3058 1418 3114 de·

241 3140 395 3195 finitionem
413 3157 546 3209 nusquam
564 3141 664 3195 iterum
684 3141 786 3197 inveni.

331 3230 352 3300 ²)
376 3230 457 3284 Conv.
484 3231 561 3284 Phot.
590 3230 665 3285 Suid.
692 3231 757 3285 Hes.
784 3231 852 3285 Lex.
881 3231 993 3286 Baehm.
1016 3233 1083 3299 261,
1106 3232 1150 3286 27.
1174 3233 1261 3288 Moer.
1284 3234 1418 3292 Enatath.

242 3334 268 3386 p.
289 3319 349 3382 768,
368 3319 411 3372 34.

332 3405 353 3473 ⁸)
371 3406 437 3460 Hes.
456 3406 547 3461 Schol.
566 3407 704 3461 Plutarch.
725 3408 759 3461 de
783 3409 857 3462 adul.
877 3413 907 3462 et
925 3408 1005 3464 amic.
1025 3409 1081 3464 510
1099 3409 1134 3464 cf.
1154 3410 1191 3464 M.
1211 3409 1301 3478 Tren,
1320 3412 1417 3482 Progr.

242 3496 349 3549 lauras.
364 3496 441 3564 1871,
461 3512 488 3564 p.
502 3496 544 3550 10.
574 3496 703 3550 Fortasse
722 3498 775 3551 hue
794 3496 942 3552 referenda
961 3503 1032 3564 sunt,
1052 3513 1123 3566 quae
1136 3498 1214 3554 Eust.
1232 3515 1260 3568 p.
1279 3501 1358 3570 1834,
1372 3503 1417 3557 50.

243 3585 320 3650 1798,
339 3584 381 3637 37.
401 3583 435 3636 de
456 3579 607 3650 ἐπιλλίζειν
626 3600 691 3638 voce
710 3584 834 3652 protulit.
855 3585 890 3640 cf.
909 3586 975 3639 Hes.
995 3585 1031 3653 gl.
1050 3587 1074 3640 2.

329 3674 351 3739 ⁴)
370 3672 450 3726 uonv.
470 3673 549 3727 Phot.
569 3673 666 3727 Galen.
680 3674 748 3728 Lex.
762 3673 892 3743 Hippoer.
912 3674 964 3729 vol.
981 3674 1056 3728 XIX.
1076 3691 1103 3744 p.
1118 3675 1177 3729 141.
1191 3675 1283 3731 Kuhn.
1313 3677 1418 3734 centn

242 3761 366 3831 disputat
383 3761 483 3832 Phryn.
503 3761 533 3815 in
552 3763 583 3817 B.
603 3765 636 3816 A.
656 3763 700 3830 62,
719 3763 763 3817 23.

330 3850 350 3916 ⁵)
370 3850 451 3904 Oonv.
470 3851 556 3915 Phot,
576 3849 611 3904 cf.
631 3850 704 3905 Suid.
725 3867 745 3905 s.
765 3869 790 3905 v.
810 3847 999 3918 ἐπιλλίζουσα.

330 3938 351 4006 ⁰)
369 3939 524 3993 Pausaniae
548 3941 674 3994 doctrina
696 3957 742 4008 ap.
765 3940 830 3994 Hes.
855 3957 875 3994 s.
900 3958 924 3994 v.
945 3937 1135 4006 ἐτιιλλίζουσα.
1173 3939 1324 4010 Utriusque
1347 3943 1417 3998 atti·

242 4026 329 4080 cistae
348 4028 473 4082 doctrina
492 4029 680 4083 contaminata
703 4045 747 4097 ap.
767 4030 831 4084 Hes.
853 4046 873 4083 s.
895 4047 919 4084 v.
940 4025 1139 4093 ἐναλλάττειν,
1163 4029 1208 4083 Et.
1227 4030 1264 4084 M.
1285 4031 1350 4097 342,
1370 4032 1416 4087 53.

245 4115 320 4170 Unde
339 4114 368 4168 in
386 4117 453 4170 Lex.
473 4119 585 4172 Bachm.
614 4135 641 4186 p.
661 4118 722 4182 230,
741 4120 775 4172 32
794 4119 872 4186 legas
897 4112 1143 4172 ἐπιλλώπτουσαν·
1164 4113 1415 4174 ἐπιοκώτιτουσαν.

330 4204 350 4269 ⁷)
369 4204 430 4258 Hae
453 4221 533 4260 voces
557 4222 692 4274 nusquam
718 4208 903 4274 reperiuntur.
923 4236 958 4245 -
981 4205 1036 4261 Vix
1060 4207 1172 4261 dubium
1196 4207 1320 4270 videtur,
1347 4207 1417 4275 quin

241 4295 352 4346 ceterae
376 4307 455 4346 voces
479 4295 513 4347 ab
538 4289 614 4358 ἰλλος
632 4320 666 4338 =
686 4289 837 4363 ὀφθαλμός
859 4310 926 4350 voce
949 4294 1092 4350 derivatae
1115 4311 1210 4350 omnes
1232 4295 1268 4350 ad
1292 4296 1415 4352 eundem

240 4378 345 4434 fontem
363 4380 489 4447 redeant,
509 4381 543 4435 cf.
562 4382 596 4436 fr.
615 4383 676 4437 225.
