3000 5040
812 271 877 335 204

257 427 376 510 κόλιξίί
399 423 502 516 ἤγουν
526 422 785 514 όπυθμένιστος.
809 433 992 517 Σοφοκλῆς
1016 431 1052 496 δὲ
1075 433 1133 497 καὶ
1154 423 1218 519 τὴν
1241 425 1351 520 λαβὴν
1373 441 1438 500 τοῦ

258 538 376 619 ξίφους
402 532 558 602 πόνόακα
586 536 731 623 εἴρηκεν,
760 528 806 615 ὥς
834 555 915 624 φησι
937 539 1177 617 Παυσανίας.
1223 537 1367 617 Αἴλιος
1396 539 1437 606 δὲ

258 638 465 720 Διονύσιος
488 644 545 708 καὶ
562 635 663 721 αότός
681 639 838 710 πόνόακα
856 636 918 709 τόν
939 643 1100 729 πυθμένα
1122 637 1232 712 είποόν
1254 645 1355 731 λέγει,
1378 648 1437 712 καὶ

258 739 312 815 ότι
333 751 502 836 πτερνίδ
507 773 544 828 ες
566 743 608 817 τὰ
630 750 803 835 πυθμένια
825 756 898 817 τῶν
920 752 1135 840 λεκανίυονί).
1162 758 1268 819 τοῦτο
1292 752 1332 819 δὲ
1354 751 1437 831 ἴσως

231 847 326 922 adab
350 864 408 943 τῆς
430 857 575 944 πτέρνης
597 856 634 923 ἐν
656 857 748 942 μέσῳ
771 859 932 945 κειμένης.

347 964 420 1030 290.
453 965 625 1030 Eustatls
643 987 673 1048 p.
695 966 790 1042 1626,
809 966 838 1030 3.
870 967 1052 1052 σημείωσαι
1071 965 1108 1032 δὲ
1131 955 1185 1032 ότι
1208 958 1228 1032 ό
1251 961 1438 1051 λεγόμενος

258 1061 349 1155 παρὰ
375 1082 447 1148 τοῖς
473 1074 629 1149 παλαιοῖς
651 1065 787 1151 πυόςῑ)
816 1063 1002 1158 ἀρσενικῶς
1024 1073 1082 1138 καὶ
1103 1076 1146 1156 τῇ
1166 1073 1348 1162 προσῳδίᾳ
1369 1097 1436 1156 φα-

259 1177 327 1257 σὶν,
351 1169 398 1254 ὡς
419 1168 520 1262 τυρός
544 1174 608 1261 ἔχει
631 1170 801 1244 όνόπαλιν
823 1170 909 1264 πρός
930 1170 994 1245 τόν
1018 1171 1110 1265 όρόν.
1153 1175 1223 1246 ἔστι
1247 1178 1300 1261 δέ,
1324 1196 1438 1262 φασι,

258 1275 345 1360 πυός
353 1284 379 1369 ²)
402 1275 443 1348 τό
466 1279 711 1370 προοιόρρυτον
732 1282 819 1371 γάλα
836 1287 894 1351 καὶ
911 1281 1166 1371 νοστιμώτατον
1184 1277 1274 1351 κατὰ
1291 1285 1438 1352 Αίλιον

219 1412 246 1452 ιο
259 1385 488 1470 Διονύσιον,
507 1381 527 1455 ό
544 1413 634 1469 τινες
651 1388 774 1480 πόαρθ)
794 1392 907 1475 φασίν.
939 1385 960 1480 ἡ
977 1400 1092 1480 χρῆσις
1107 1383 1192 1475 παρ’
1204 1383 1440 1478 Ἀριστοφάνει

260 1494 297 1561 ἓν
319 1492 454 1583 Εἰρήνῃ.
479 1487 574 1578 ὅθεν,
598 1500 694 1581 φασὶ,
716 1500 774 1564 καὶ
796 1501 960 1587 πυαρίτης
983 1501 1018 1586 (l.
1036 1494 1283 1586 πυριάτης)*)
1306 1491 1349 1566 τό
1372 1495 1437 1566 πό-

258 1608 404 1688 ρεφθον,
428 1594 447 1670 ό
470 1606 599 1690 γίνεται
623 1604 661 1671 έκ
683 1613 746 1671 τοῦ
768 1602 910 1693 πρῶτον
931 1602 1106 1692 γάλακτος.

827 1824 863 1884 Ρ.

349 1977 422 2042 291.
460 1978 634 2044 Eustath.
657 2003 686 2065 p.
712 1981 811 2058 1509,
833 1980 886 2045 44.
924 1979 962 2046 ἐκ
988 1979 1105 2065 μέντοι
1131 1985 1195 2045 τοῦ
1220 1974 1344 2068 ῥᾴδιον
1370 1975 1438 2068 ῥηι-

261 2076 483 2170 όιουργόςῑ)
510 2077 596 2152 κατὰ
619 2086 762 2153 Αἴλιον
784 2082 997 2153 Διονύσιον
1025 2079 1045 2153 ό
1073 2091 1262 2171 κακοῦργος
1288 2087 1349 2152 καὶ
1370 2083 1438 2176 ῥᾳ-

221 2214 247 2254 15
262 2191 479 2278 scovpysa1)
498 2194 611 2280 φησὶν,
633 2186 654 2280 ἦ
672 2196 750 2278 περὶ
771 2199 842 2259 πᾶν
866 2186 1026 2280 ὀλιγωρία
1048 2195 1104 2258 καὶ
1127 2187 1310 2280 θρασύτης.
1334 2190 1439 2266 Ξενο-

261 2304 340 2380 φῶν
363 2298 469 2384 (Mem.
489 2300 529 2367 Π.
551 2301 578 2367 1.
599 2301 656 2386 20)
685 2300 721 2366 δὲ
749 2301 806 2365 καὶ
834 2298 891 2365 ἐπὶ
914 2291 1068 2377 εὐκολίας
1090 2294 1251 2386 ἐχρήσατο
1274 2305 1318 2382 τῇ
1340 2299 1438 2381 λέξει.

261 2403 390 2489 λέγεται
414 2405 450 2470 δὲ
472 2408 529 2471 καὶ
552 2402 659 2495 ῥᾴων
682 2399 701 2472 ὃ
726 2405 763 2471 ἐκ
786 2401 892 2472 νόσου
911 2397 1003 2493 ὑγιὴς
1021 2407 1079 2471 καὶ
1097 2401 1287 2491 ῥαίζεινῖ)
1305 2396 1348 2472 τό
1367 2397 1438 2472 ἇπό

261 2506 367 2578 νόσου
390 2505 626 2597 όνασφάλλειν.

352 2619 425 2684 292.
457 2621 628 2685 Eustath.
651 2642 680 2703 p.
702 2619 801 2696 1485,
820 2619 872 2683 59.
905 2613 989 2704 θηλί
1023 2617 1060 2684 όέ
1087 2616 1158 2683 ἐστι
1179 2607 1220 2682 τό
1244 2609 1440 2702 ἀκρότατον

223 2750 250 2789 ιο
263 2733 326 2791 τοῦ
347 2733 490 2810 μαστοῦ,
516 2719 537 2812 ἦ
560 2717 652 2812 παρὰ
679 2737 750 2802 τοῖς
773 2721 922 2803 ἰδιώταις
949 2717 1054 2813 ῥόξΙ)
1082 2728 1257 2811 θηλυκῶς,
1285 2715 1357 2790 όπό
1378 2730 1441 2811 τῆς

352 2885 375 2953 ³)
394 2886 476 2941 Conv.
495 2886 574 2940 Phot.
594 2883 628 2940 cf.
647 2884 714 2940 Hes.
732 2884 802 2939 Poll.
821 2885 856 2938 ΙΙ.
877 2885 937 2940 197.
956 2885 1003 2940 IV.
1023 2884 1084 2939 182.

307 2974 368 3029 290.
388 2976 409 3041 1)
429 2973 468 3029 ef.
487 2991 513 3043 p.
533 2975 616 3042 1877,
641 2976 665 3029 1.
694 2974 848 3029 Secundum
867 2973 971 3028 Herod.
993 2974 1014 3028 I.
1035 2974 1100 3035 111,
1118 2972 1163 3027 20.
1185 2972 1253 3040 376,
1273 2972 1317 3028 10.
1340 2971 1441 3028 Lentz.

264 3067 396 3118 accentus
414 3061 455 3117 sic
474 3063 650 3118 collocandus
669 3068 720 3118 est.

354 3153 374 3219 2)
394 3153 475 3207 Gonv.
489 3152 567 3206 Phot.
583 3151 667 3220 Suid„
687 3151 722 3206 cf.
741 3152 808 3207 Hes.
823 3151 913 3208 Schol.
932 3153 980 3206 Ar.
999 3151 1064 3206 Ρεο.
1084 3151 1162 3206 1150.
1192 3151 1253 3205 Iam
1272 3154 1385 3206 veteres
1404 3150 1440 3206 de

264 3244 382 3296 accentu
401 3257 434 3296 ac
453 3239 592 3296 scribendi
610 3241 718 3295 ratione
737 3241 901 3296 dissensisse
920 3241 978 3296 doc.
992 3240 1037 3294 Et.
1050 3241 1089 3295 M.
1103 3239 1163 3295 697.
1182 3240 1208 3294 3.
1227 3237 1299 3295 (sud.
1317 3239 1381 3303 487,
1393 3239 1440 3294 54.

265 3330 310 3384 Or.
331 3330 391 3397 125,
410 3330 454 3384 17.
473 3331 548 3397 (Ath.
567 3329 613 3385 VI.
633 3331 736 3396 269Α.)

354 3417 376 3486 ⁸>
395 3417 436 3473 01.
454 3418 520 3474 Hes.
540 3420 605 3472 Ath.
625 3419 660 3472 11.
679 3419 752 3473 57Α.

355 3509 377 3574 ⁴)
396 3508 477 3562 Gonv.
491 3509 569 3562 Phot.
589 3501 723 3577 πυριάτη·
743 3509 878 3574 θηλυκῶς
889 3501 922 3560 τὸ
936 3505 1107 3576 πυρίεφθον.
1127 3500 1190 3574 οόχὶ
1208 3503 1355 3574 πυρίατος,
1374 3500 1442 3558 οὐδὲ

266 3591 387 3668 πυριατὴ
407 3592 561 3662 ὀξυτόνως,
586 3591 652 3651 οὐδὲ
672 3596 845 3666 πυρίεφθος,
871 3594 906 3650 cf.
925 3595 991 3650 Hes.
1011 3593 1101 3648 Schol.
1121 3594 1168 3647 Ar.
1187 3593 1271 3661 Vssp.
1292 3593 1354 3648 711.
1371 3591 1440 3648 Luc.

265 3687 383 3755 Lexiph.
403 3687 427 3741 3.
448 3702 470 3740 ο.
490 3686 575 3740 schol.

310 3777 371 3830 291.
392 3777 412 3842 ¹)
431 3775 513 3830 Oonv.
528 3775 607 3828 Phot.
635 3773 735 3827 Altera
754 3773 813 3827 eius
832 3772 924 3841 glossa
941 3797 976 3817 =
995 3770 1079 3840 Suis..
1098 3770 1146 3825 ubi
1164 3769 1245 3826 initio
1263 3769 1391 3826 addimus
1414 3765 1440 3840 (1.

266 3858 281 3920 ὃ
301 3859 531 3935 πλαστογράφος.
556 3862 597 3918 cf.
610 3862 706 3916 Naber
724 3863 760 3916 ad
778 3863 796 3916 l.
809 3863 837 3930 1.,
858 3860 892 3916 cf.
905 3861 973 3916 Lex.
986 3862 1100 3917 Bachm.
1119 3861 1181 3930 357,
1200 3861 1243 3915 20.
1261 3859 1330 3914 Hes.
1341 3859 1388 3914 Et.
1400 3857 1441 3912 11

266 3955 327 4023 700,
346 3955 388 4009 50.
408 3953 478 4008 Gud.
497 3954 559 4018 489,
578 3953 621 4007 38.

356 4043 377 4110 1)
396 4042 435 4098 of.
449 4043 525 4108 Hes,
543 4041 592 4110 qui
610 4039 750 4109 duplicem
763 4040 882 4108 glossam
894 4039 988 4094 habet.
1007 4039 1050 4095 Et.
1064 4039 1102 4094 Μ.
1117 4038 1178 4103 701,
1192 4037 1236 4093 57.
1248 4036 1337 4106 Ηνπρ.
1350 4036 1441 4092 Mser.

265 4131 327 4198 208,
347 4132 389 4187 24.
408 4135 452 4200 (--
471 4132 549 4186 Phot.
569 4129 644 4184 Suid.
657 4131 725 4184 Lex.
740 4129 853 4184 Bachm.
867 4129 928 4193 357,
947 4129 1000 4195 24).
1020 4129 1110 4183 Schol.
1130 4123 1443 4195 Dem.p.55‚12.1>df.

311 4220 372 4275 292.
392 4220 414 4290 1)
434 4220 516 4275 Gonv.
531 4221 619 4288 phos,
640 4219 674 4274 cf.
690 4220 790 4288 Phryn.
810 4235 836 4286 p.
853 4218 894 4273 75.
913 4210 930 4286 ἡ
952 4213 1005 4289 ῥάξ
1024 4213 1110 4288 ἐρεῖς·
1130 4208 1146 4271 ό
1165 4211 1221 4286 γὰρ
1239 4208 1300 4286 ῥόξ
1318 4207 1369 4269 ὃόο
1382 4205 1443 4284 ἔχει

267 4303 466 4380 ἁμαρτήματα.
495 4309 567 4364 Vide
589 4316 646 4365 not.
665 4307 808 4362 Lobeckii.
827 4306 894 4361 Hes.
913 4301 975 4376 ῥὰξ.
994 4299 1011 4374 ἡ
1031 4309 1081 4374 τῆς
1104 4303 1251 4374 σταφυλῆς
1268 4308 1298 4358 et
1315 4303 1394 4358 Eust.
1413 4319 1442 4372 p.

268 4401 347 4463 1633,
366 4400 410 4468 42,
429 4397 478 4467 qui
490 4399 584 4468 paullo
603 4401 669 4453 ante
687 4397 763 4452 Suid.
780 4411 801 4451 s.
817 4412 842 4450 v.
857 4395 922 4451 Hes.
943 4399 1054 4451 secutus
1073 4399 1123 4450 est.
1143 4393 1184 4450 01.
1197 4393 1242 4449 Et.
1257 4392 1297 4448 M.
1317 4393 1378 4459 705,
1396 4391 1442 4448 52.
