3000 5040
647 257 709 323 251

12 504 15 509 Ι
86 421 190 502 §exui
226 412 394 503 ῥητορικῷ
429 417 487 482 καὶ
523 410 766 505 όπισαμβώῑ)
805 410 940 505 εὓρηται
978 412 997 505 ἡ
1030 416 1077 496 είς
1108 413 1260 485 τσόπίσω

9 524 11 531 ’
88 515 310 610 ἀναχώρησις.

181 631 258 699 416.
290 630 462 698 Eustath.
481 655 510 715 p.
531 632 605 708 629,
624 631 675 697 54.
709 632 746 698 ἐν
770 633 806 698 δὲ
824 630 1024 721 ῥητορικῷ
1047 638 1189 720 λεξικῴ
1208 628 1260 699 εό-

90 762 192 827 ρηται
213 738 271 806 καὶ
293 730 533 826 όρθοπλίχξῑ)
553 736 669 816 ἵππος·
699 732 718 804 ό
742 732 859 825 ὀρθῶς
884 735 1059 826 αἰρόμενος
1080 743 1138 806 καὶ
1159 737 1261 828 πλήσ-

92 863 176 914 σων.
199 844 406 932 προφέρεται
425 845 461 911 δὲ
480 847 537 912 καὶ
555 838 855 934 ἀκανθοπλὴξῖ)
875 849 932 913 καὶ
945 840 1186 936 νωτοπλῆξθ)
1205 850 1262 914 καὶ
1288 868 1301 908 a

94 945 387 1040 oiozoouuigp,
411 945 458 1032 ὡς
479 945 519 1019 τό

183 1069 241 1148 τῆς
264 1059 505 1148 οἰστροπλῆγος
529 1054 630 1139 ἄλσος
652 1052 777 1146 Ἰνάχου
800 1058 903 1149 κόρης
926 1061 1167 1148 (6011115.)

90 1170 152 1235 καὶ
174 1158 418 1255 μεθυπλῆξὸ)
443 1163 489 1247 ὡς
512 1169 720 1254 Καλλίμαχος
743 1168 796 1255 (fr.
817 1170 891 1234 223.
911 1168 1072 1256 Schneid.)

183 1283 246 1343 τοῦ
266 1279 482 1362 μεθυπλῆχος
505 1277 664 1361 φροιμίου
681 1267 879 1361 Ἀντιλόχου.

184 1382 259 1451 417.
290 1383 462 1449 Eustath.
485 1406 515 1468 p.
538 1383 636 1461 1788,
655 1384 707 1448 47.
739 1385 818 1469 περὶ
845 1383 881 1451 δὲ
909 1374 1070 1470 όρμου1)
1094 1380 1219 1461 ἱκανῶς
1240 1375 1302 1468 ἡιο

93 1481 192 1568 Ἰλιὰς
210 1489 313 1576 optor.
337 1485 461 1575 κόσμος
481 1489 516 1556 di
534 1485 694 1575 γυναικός
713 1488 812 1556 ἐστιν.
838 1489 874 1572 ἐξ
891 1482 996 1557 αὐτοῦ
1015 1490 1121 1557 δὲκαὶ
1140 1481 1260 1573 ὑφόρ-

91 1598 224 1684 μιονΞ)
240 1604 388 1684 χρυσοῦν
406 1593 601 1684 κοσμάριον,
619 1589 666 1675 ῶς
685 1596 726 1662 ἐν
745 1594 944 1686 ῥητορικῷ
962 1609 1090 1664 κεῖται
1108 1601 1260 1682 aegaeo.

93 1705 135 1772 cf.
153 1727 183 1789 p.
203 1706 304 1782 1150,
323 1705 373 1770 24.
412 1694 567 1792 όρμοςῑ)
596 1705 632 1770 δὲ
659 1700 784 1790 κόσμος
810 1702 1076 1792 περιτραχήλιος,
1101 1697 1193 1788 παρὰ
1221 1695 1262 1768 τὸ

92 1809 244 1898 ἕρμαθ),
267 1813 377 1894 φασὶ,
408 1803 449 1879 τό
473 1804 679 1897 όσφόλισμα,
706 1805 792 1878 καθ’
815 1805 997 1900 ὁμοιότητα
1019 1819 1081 1878 τοῦ
1103 1802 1189 1877 κατὰ
1211 1814 1261 1876 λι·

92 1917 181 2004 μένα
209 1911 329 2006 ὁρμσῦ,
358 1917 394 2001 ἐξ
420 1906 460 1985 οὗ
489 1910 649 2005 ὁρμίσαι
675 1911 715 1986 τό
744 1918 781 1985 ἐν
809 1912 956 2004 ἀσφαλεῖ
975 1926 1179 2006 καταστῆσαι
1201 1908 1263 2005 τὴν
1277 1937 1303 1978 1⁵

95 2031 192 2093 ναῦν.
235 2024 273 2092 ἐκ
302 2026 338 2092 di
364 2032 427 2092 τοῦ
453 2021 612 2093 τοιούτου
640 2017 746 2112 όρμσυ
773 2029 831 2093 καὶ
858 2020 1056 2114 ὑφόρμισν
1079 2017 1170 2112 παρὰ
1193 2035 1263 2103 τοῖς

94 2137 253 2212 παλαιοῖς
272 2140 420 2220 χρυσοῦν
441 2157 475 2199 τι
497 2129 690 2220 κοσμάριον.

184 2240 259 2308 418.
290 2240 689 2326 instauraremus.
721 2234 761 2309 τό
786 2240 822 2308 δὲ
846 2235 938 2324 ὄσσε,
965 2243 1044 2328 περὶ
1071 2229 1112 2308 οὗ
1139 2237 1263 2317 ίκανῶς

142 2529 204 2586 415.
224 2529 246 2596 ι)
263 2527 405 2598 Nusquam
423 2526 554 2597 recurrit,
573 2526 628 2582 nisi
645 2529 721 2599 apud
737 2528 1005 2599 paroemiographcs.
1034 2527 1074 2584 cf.
1093 2528 1164 2584 Plut.
1183 2527 1262 2583 Prov.

96 2620 178 2676 Alex.
201 2618 223 2674 Ι.
248 2619 273 2674 3.
306 2617 390 2673 Plura
414 2617 523 2673 codices
546 2617 599 2673 VB
623 2617 768 2688 exhibent,
798 2618 832 2674 ci.
855 2619 926 2674 Mill.
950 2617 1016 2673 Mel.
1044 2635 1071 2688 p.
1095 2616 1155 2674 369.
1180 2617 1262 2687 Soph.

95 2708 130 2764 ir.
150 2709 211 2765 373.
230 2707 337 2764 Nauck.

141 2799 204 2854 416.
228 2797 328 2852 Totum
341 2797 431 2852 locum
445 2796 480 2851 ab
494 2795 642 2852 Eustathio
661 2813 696 2852 ex
709 2813 785 2853 more
801 2796 948 2853 conflatum
963 2813 1024 2853 esse
1039 2813 1073 2852 ex
1087 2797 1186 2852 lexicis
1199 2799 1262 2852 rhe-

96 2887 193 2944 toricis
212 2887 308 2943 statim
326 2884 438 2941 docebit
455 2900 482 2954 p.
501 2886 567 2951 216,
588 2885 628 2941 13.
648 2889 819 2956 νωτοπλῆγα
838 2883 869 2942 oi
889 2888 1033 2941 παλαιοὶ
1051 2882 1197 2958 ῥήτορες
1215 2881 1264 2941 τὸν

94 2977 248 3048 μαστιγίαν
266 2977 362 3046 φασίν.

187 3068 209 3134 ¹)
228 3066 311 3121 Gonu.
323 3065 402 3120 Phot.
416 3067 500 3133 Suid,
516 3067 564 3135 qui
573 3069 677 3136 χρῆσιν
690 3065 923 3136 Aristophaneam
936 3066 1042 3122 addunt
1055 3066 1098 3137 (fr.
1111 3067 1262 3138 431061).

96 3205 101 3214 .
189 3156 210 3224 ²)
228 3155 411 3211 Desideratur
429 3156 459 3210 in
477 3156 550 3210 lexx.

187 3245 209 3314 8)
226 3246 305 3301 Enst.
328 3262 354 3315 p.
374 3246 440 3314 216,
460 3247 502 3301 13.
527 3246 609 3302 Gonu.
627 3247 705 3302 Phot.
725 3246 810 3313 Suid,
835 3245 883 3315 qui
902 3245 1077 3302 Pherecratio
1101 3246 1265 3317 Grapatalos

96 3336 213 3392 laudant
231 3335 275 3403 (fr.
293 3336 336 3390 69.
355 3335 452 3402 Kock).
472 3333 512 3390 cf.
531 3334 600 3390 Poll.
619 3336 655 3394 IL
675 3336 735 3392 180.

185 3424 209 3494 ⁴)
229 3424 310 3480 Oonv.
329 3425 407 3479 Phot.
427 3424 501 3480 Suid.
522 3425 587 3480 Hes.
607 3426 675 3481 Lex.
695 3427 888 3494 Bacinora,
910 3428 949 3481 16.

187 3512 209 3581 7)
227 3513 410 3568 Desideratus
428 3513 459 3568 in
477 3515 549 3568 lexx.

144 3603 205 3658 417.
233 3602 426 3658 Pausaniae
445 3619 506 3658 esee
526 3605 620 3659 credo:
649 3597 723 3675 ἕρμα
743 3603 816 3658 enim
835 3605 933 3660 eadem
951 3603 1161 3674 significatione,
1179 3606 1264 3672 atque

98 3707 183 3762 supra
201 3707 334 3761 nusquam
351 3692 478 3762 recurrit,
497 3694 552 3748 nisi
570 3711 597 3763 p.
613 3693 673 3761 976,
693 3695 735 3748 31.
755 3689 979 3764 (ἀνερμάτιστος,
999 3694 1070 3762 quod
1088 3693 1148 3748 illio
1167 3693 1263 3748 lauda-

98 3786 153 3850 tur,
171 3781 245 3837 redit
263 3781 292 3836 in
305 3782 336 3836 B.
349 3783 384 3837 A.
397 3783 458 3850 398,
477 3784 511 3851 9.,
531 3783 580 3838 ubi
593 3786 622 3838 et
638 3782 765 3854 Dionysii
784 3782 968 3851 fragmentum
983 3785 1042 3839 180.
1062 3781 1262 3850 subsequitur);

99 3869 255 3926 Pausaniae
273 3885 337 3925 vero
357 3886 457 3927 nomen
474 3871 563 3927 tribus
582 3871 664 3927 lineis
683 3876 749 3928 ante
767 3873 847 3928 nobie
865 3871 986 3928 occurrit
1003 3870 1049 3942 (cf.
1069 3871 1102 3925 ir.
1121 3871 1191 3938 240).

189 3961 210 4029 ¹)
230 3961 311 4016 Gonu.
331 3977 357 4030 p.
378 3963 443 4029 130,
468 3962 510 4016 17.
543 3962 622 4017 Unde
645 3961 777 4018 atticistis
801 3955 939 4033 όρμίσκος
961 3977 1055 4016 vocem
1077 3961 1182 4016 addere
1200 3975 1263 4031 pos·

99 4066 202 4105 sumus.
226 4049 267 4106 ef.
290 4051 368 4105 Phot.
392 4050 467 4106 Suid.
490 4051 557 4105 Lex.
581 4053 694 4106 Bachm.
713 4053 779 4120 320,
798 4053 841 4107 26.
863 4053 906 4106 27.
929 4051 996 4106 Hes.
1014 4051 1059 4106 Et.
1078 4051 1116 4105 M.
1136 4051 1202 4118 631,
1220 4049 1263 4105 30.

97 4139 144 4195 Et.
164 4137 234 4194 Gud.
253 4139 315 4208 434,
333 4141 375 4196 50.
405 4139 528 4195 Transiit
546 4141 576 4194 in
594 4140 741 4211 Philoponi
759 4141 921 4208 doctrinam,
941 4157 1011 4210 quae
1031 4144 1110 4195 extat
1127 4155 1170 4209 ap.
1185 4141 1263 4195 Eust.

98 4246 125 4299 p.
146 4228 224 4298 1967,
243 4229 286 4285 27.
634 4252 636 4256 >

189 4318 210 4384 1)
229 4318 310 4374 Oonv.
330 4318 408 4374 Phot
427 4319 503 4375 Suid.
521 4318 587 4374 Hes.

188 4406 391 4475 ³101EtM.
410 4409 429 4464 1.
448 4408 466 4462 l.
488 4408 533 4464 Et.
553 4408 623 4466 Gud.
642 4409 660 4465 l.
680 4411 697 4464 l.
