3000 5040
821 248 888 314 210

263 431 318 474 νσι
341 404 608 494 σταφυλοφόροι,
631 401 755 494 ταρρὸς
778 407 814 473 δὲ
837 401 970 492 άγγεῐον
992 397 1157 488 πλεκτὸν,
1180 398 1227 484 ὡς
1249 407 1378 491 ψίαθος
1399 405 1435 473 ἐπ

263 509 438 598 καλάμων,
467 513 504 580 ἐν
532 504 561 600 ᾦ
588 511 797 600 τυρεύουσιν.
839 514 895 579 καὶ
923 504 1185 600 κρεμαστὴρῦ)
1219 512 1271 595 δέ,
1303 529 1435 597 φασιν,

264 618 394 706 ἐλέγετο
418 612 555 706 ταρρός,
579 613 638 705 ἐφ’
662 608 702 688 οὗ
725 612 848 706 τυροὺς
872 615 1018 706 έτερσον.
1060 610 1146 686 ὅθεν
1168 619 1227 686 καὶ
1249 611 1435 708 τρασιά1),

263 715 305 792 οὗ
324 735 410 793 σῦκα
428 724 577 812 φάγεται.
603 726 734 812 ἐλέγετο
755 727 801 808 δέ,
825 744 918 810 φασι,
939 717 1122 813 ταρσός1)
1144 727 1202 793 καὶ
1223 719 1265 793 τὸ
1284 719 1359 794 άνον
1376 733 1435 794 τοῦ

236 825 370 912 σποδὸς
392 837 450 900 καὶ
471 826 512 900 τὸ
536 827 643 920 ἄκρον
664 842 723 920 τῆς
740 829 858 919 χειρός.
882 833 1025 911 Αἴλιος
1043 832 1080 898 δὲ
1097 828 1310 912 Διονύσιός
1328 833 1435 922 φησίν,

263 931 317 1006 ὅτι
343 942 520 1028 ταρροὶῧ)
549 942 606 1006 καὶ
633 942 767 1026 ταρσοὶ,
798 935 939 1025 τάλαροι
965 941 1024 1005 καὶ
1049 933 1093 1006 τά
1119 935 1343 1025 πλατάσματα
1368 947 1434 1007 τῶν

263 1053 400 1113 κωπῶν.
438 1043 568 1132 ἕτεροι
593 1047 613 1113 δ
619 1046 669 1132 11)
699 1038 752 1113 ὅτι
774 1047 893 1133 ταρρσὶ
916 1045 1106 1133 κρέμαστρα
1128 1047 1295 1134 καλαμένη
1319 1048 1376 1112 καὶ
1396 1037 1434 1112 τά

262 1159 334 1219 τῶν
356 1162 477 1238 πυρῶν
501 1144 614 1238 άγγεῖα
637 1155 692 1218 καὶ
716 1145 758 1219 τά
781 1161 853 1219 τῶν
875 1149 1042 1238 λαχάνων.
1073 1153 1132 1219 καὶ
1153 1143 1434 1240 τάρραμα11)ἡ

263 1262 470 1347 κωπηλασὶα.
512 1252 637 1346 ταρρὸς
659 1255 732 1346 γάρ,
755 1279 891 1341 φασιν,
914 1251 933 1326 ὁ
958 1271 1090 1344 στοῖχος
1111 1264 1183 1326 τῶν
1200 1266 1344 1341 κωπῶν,
1367 1257 1434 1325 ἐπεὶ

225 1391 251 1430 ιο
263 1379 400 1452 πτεροῖς
422 1364 581 1433 ἐοίκασιν.

353 1473 426 1538 306.
459 1473 634 1539 Eustath.
652 1495 683 1556 p.
703 1473 777 1550 881,
797 1473 848 1540 24.
875 1472 955 1560 τέλη
979 1471 1015 1537 δὲ
1033 1473 1092 1538 καὶ
1110 1470 1262 1540 ἐνταῦθα
1279 1464 1323 1538 τὰ
1342 1489 1433 1559 στρα-

264 1569 405 1645 τιωτικά
432 1579 520 1664 λέγει
547 1575 706 1664 τάγματα.
749 1579 853 1666 δῆλον
881 1578 918 1645 δὲ
945 1569 998 1645 ὅτι
1024 1575 1287 1666 πολυσήμαντον
1309 1569 1351 1646 τὸ
1377 1577 1434 1645 τέ-

264 1687 367 1770 λοςῑ)
387 1683 486 1751 ἐστίν.
515 1686 611 1763 τέλος
628 1681 701 1772 γάρ,
724 1703 816 1768 φασι,
840 1675 1002 1770 ἀνάλωμα
1020 1686 1078 1751 καὶ
1095 1681 1188 1768 τάξις
1204 1686 1263 1752 καὶ
1281 1676 1364 1774 άρχὴ
1381 1686 1434 1752 καὶ

264 1787 376 1875 γάμος.
400 1793 458 1857 καὶ
481 1791 518 1857 ἐκ
536 1792 598 1876 μὲν
616 1800 678 1859 τοῦ
698 1793 881 1878 δηλοῦντος
898 1783 939 1859 τὸ
959 1783 1120 1877 άνάλωμα
1136 1793 1264 1878 γίνεται
1282 1784 1435 1879 άτελῆ1)

226 1889 351 1962 ιικατά
374 1899 607 1964 Παυσανίαν
630 1890 672 1964 τά
696 1891 867 1978 άδάπανα,
897 1890 943 1976 ὡς
966 1900 1024 1964 καὶ
1045 1902 1245 1986 πολυτελῆ
1268 1888 1311 1965 τά
1333 1903 1434 1966 πολυ-

267 1998 409 2069 δάπανα.
452 2003 614 2071 ἐντεῦθεν
639 2005 674 2070 δὲ
697 2007 754 2071 καὶ
777 1995 975 2094 εὐτελῆςθ)
1000 1997 1019 2071 ὃ
1042 2001 1220 2088 φειδωλός,
1243 2021 1356 2088 φασι,
1382 2005 1435 2071 καὶ

268 2149 357 2156 ----
360 2151 585 2158 --—.-.-.--..--

356 2234 378 2300 ⁶)
397 2233 480 2288 Conv.
498 2235 576 2290 Phot.
596 2235 670 2290 Suid.
694 2236 739 2289 Et.
762 2237 800 2290 M.
824 2235 890 2298 449,
909 2237 952 2291 26.
976 2235 1016 2292 cf.
1040 2235 1106 2290 Hes.
1126 2233 1216 2291 Sohol.
1234 2236 1284 2290 An.
1302 2233 1376 2290 Mnb.
1394 2233 1435 2289 50.

265 2320 333 2375 Poll.
352 2321 414 2376 VII.
436 2324 494 2378 144.
515 2324 549 2378 X.
570 2326 629 2380 129.
818 2387 819 2391 ,

354 2410 375 2478 ⁶)
395 2411 477 2466 Conv.
497 2430 522 2482 p.
543 2414 603 2479 850,
622 2414 665 2468 34.
685 2413 763 2468 Phot.
783 2412 857 2469 Suid.
876 2413 945 2468 Lex.
958 2414 1071 2468 Bachm.
1090 2429 1118 2482 p.
1135 2413 1197 2479 382,
1216 2413 1241 2468 6.
1259 2411 1305 2467 Et.
1325 2411 1365 2469 M.
1377 2411 1436 2479 747,

266 2499 290 2553 7.
310 2497 349 2554 01.
369 2499 414 2553 Et.
434 2500 504 2556 Gud.
523 2503 584 2567 523,
603 2503 629 2557 5.
656 2505 701 2557 An
719 2508 796 2558 recte
815 2502 925 2571 legatur
943 2497 975 2556 τὸ
995 2493 1068 2565 tivo,
1087 2501 1246 2570 ambiguum
1265 2505 1316 2556 est.
1346 2497 1437 2556 Ceteri

266 2587 338 2640 enim
357 2604 451 2644 omnes
472 2591 508 2644 ad
526 2608 609 2645 unum
628 2591 741 2644 tradunt
759 2585 794 2646 τὸ
812 2586 891 2645 κάτω
910 2591 954 2645 vel
977 2586 1012 2645 τὸ
1030 2585 1136 2654 πλάτος
1158 2589 1203 2658 (of.
1221 2589 1267 2644 Et.
1287 2587 1357 2644 (λιτά
1376 2587 1436 2655 523,

226 2691 228 2696 ·
266 2678 289 2731 7.
310 2676 406 2732 Galen.
425 2679 479 2733 lex.
499 2679 583 2748 Hipp.
603 2681 654 2734 vol.
675 2680 749 2735 XIX.
769 2696 796 2749 p.
816 2681 877 2746 146,
895 2681 921 2734 3.
940 2679 1032 2748 Xutho,
1050 2679 1127 2734 Erot.
1146 2695 1174 2748 p.
1191 2677 1253 2746 124,
1273 2678 1316 2733 15.
1335 2676 1436 2744 Klein).

265 2764 343 2820 Solus
362 2767 455 2821 obstat
472 2768 541 2822 Poll.
560 2769 594 2822 II.
614 2769 674 2822 197.
1306 2767 1309 2774 ’

354 2855 374 2919 a)
394 2855 475 2909 Conv.
499 2856 576 2910 Phot.
600 2857 675 2912 Suid.
698 2857 743 2912 Et.
767 2857 805 2912 M.
825 2857 890 2925 747,
910 2858 935 2922 1,
955 2857 1002 2926 qui
1024 2857 1143 2911 addunt:
1171 2851 1276 2911 καὶτὸ
1299 2851 1437 2926 πτέρωμα

265 2944 314 2996 καὶ
336 2944 507 3012 Θουκυδίδης
525 2933 624 3009 οὕτως,
644 2946 716 3014 quod
734 2946 875 3000 atticistae
893 2945 1017 3001 restituo.
1047 2944 1087 3000 01.
1105 2945 1178 3000 Prol.
1198 2960 1225 3013 p.
1243 2946 1288 3001 36.

355 3033 376 3099 ⁸)
394 3033 560 3088 Pausaniam
579 3050 709 3102 agnosco,
730 3051 791 3090 cunr
809 3035 909 3090 iterum
933 3031 1098 3104 κρέμαστρα
1115 3032 1262 3099 afferatur,
1285 3031 1319 3088 oi.
1337 3037 1394 3088 not.
1412 3031 1436 3085 3.

265 3120 327 3174 Ηιιο
350 3120 475 3189 pertinet
493 3122 571 3177 Phot.
590 3125 693 3193 ταρσοὶ
711 3149 746 3168 --
764 3124 839 3179 Suid.
858 3123 926 3178 Lex.
944 3125 1057 3178 Bachm.
1076 3123 1142 3190 382,
1160 3121 1186 3176 4.
1204 3121 1250 3176 Et.
1268 3121 1309 3177 M.
1327 3121 1395 3189 747,
1414 3122 1438 3175 1.

266 3208 324 3275 (ubi
343 3209 514 3278 adiungitur:
545 3207 578 3264 ἐκ
601 3209 706 3282 μέρους
728 3204 747 3280 ἢ
765 3209 798 3266 τὸ
817 3208 924 3276 πλάτος
941 3215 994 3266 τοῦ
1012 3206 1100 3274 ποδὸς
1116 3201 1136 3278 ἢ
1153 3205 1186 3265 τὸ
1205 3201 1297 3279 άκρον
1314 3210 1366 3278 τῆς
1382 3223 1437 3278 χει-

267 3292 323 3368 ρὸς.
343 3296 412 3369 ῥητ,
433 3301 505 3353 unde
523 3301 699 3369 perspicitur,
719 3301 803 3355 etiam
822 3296 924 3371 τρασιὰ
943 3306 998 3355 not.
1018 3302 1043 3355 6.
1070 3298 1226 3354 Pausaniae
1245 3297 1362 3364 deberi).

356 3386 377 3454 9)
396 3388 478 3442 Conv.
497 3388 576 3442 Phot.
594 3389 668 3460 Lex.
682 3390 794 3444 Bachm.
814 3391 875 3455 382,
894 3391 919 3444 8.
938 3389 983 3443 Et.
997 3389 1035 3442 M.
1055 3388 1115 3452 747,
1129 3387 1155 3441 3.
1174 3385 1210 3442 ef.
1222 3385 1292 3441 Poll.
1304 3385 1326 3441 I.
1339 3385 1383 3442 90.
1395 3385 1437 3439 93.

356 3476 388 3543 ¹⁰)
408 3475 447 3530 01.
468 3477 542 3531 Suid.
563 3477 652 3533 Schol.
672 3478 775 3533 Herod.
794 3479 856 3547 (vol.
875 3479 910 3532 II.
929 3494 956 3547 p.
976 3475 1152 3543 46181514).
1437 3540 1441 3546 ²

311 3565 371 3620 306.
391 3566 413 3632 ¹)
432 3565 579 3620 Atticistas
598 3566 655 3621 iam
674 3568 748 3622 vocis
767 3564 849 3631 τέλος
872 3567 996 3621 diversas
1019 3565 1145 3619 notiones
1169 3567 1297 3619 enatasse
1320 3567 1439 3632 apparet

268 3671 310 3708 ex.
333 3655 413 3709 Phot.
437 3655 511 3710 Suid.
534 3655 601 3709 Lex.
626 3656 740 3711 Bachm.
763 3657 829 3722 383,
848 3656 891 3712 25.
916 3655 1005 3711 Schol.
1028 3654 1099 3709 Plat.
1124 3649 1437 3708 conumeratus.

267 3744 332 3808 750,
351 3745 395 3799 38.
414 3744 459 3798 Et.
479 3744 549 3799 Gud.
569 3745 634 3809 524,
653 3745 698 3800 31.
718 3775 751 3784 -
772 3745 844 3800 Cave
866 3748 962 3799 tamen
984 3743 1059 3798 locos
1077 3742 1140 3797 illos
1158 3741 1358 3798 confundamus
1377 3755 1437 3796 anm

267 3832 319 3897 eis,
340 3833 384 3901 qui
405 3849 439 3887 ex
459 3834 544 3887 schol.
564 3834 643 3887 Hom.
666 3834 693 3886 K
709 3835 744 3888 56
763 3833 938 3902 prodierunt,
963 3831 1104 3901 exscripta
1121 3847 1166 3900 ap.
1186 3830 1313 3885 Eustath.
1331 3845 1360 3899 p.
1377 3828 1436 3890 789,

269 3922 309 3975 12.
330 3925 374 3988 (=
393 3923 482 3976 Schol.
502 3925 550 3977 Ar.
570 3922 639 3976 Ran.
653 3923 725 3986 386.)
745 3922 784 3977 01.
798 3923 869 3977 Prol.
888 3940 913 3993 p.
930 3923 1021 3990 60.sq.
1049 3921 1154 3975 Locum
1172 3906 1294 3974 nostrum
1314 3934 1368 3974 non
1381 3933 1437 3973 orn·

267 4011 347 4064 nibus
372 4011 614 4080 explanationibus
634 4011 819 4065 atticistarom
843 4014 884 4066 uti
907 4011 947 4065 ibi
970 4008 1225 4065 demonstravimus.
1243 4037 1280 4049 —
1298 4008 1436 4063 Incertum

268 4105 318 4166 est,
338 4101 410 4153 unde
429 4100 507 4153 Eust.
528 4117 553 4168 p.
573 4100 634 4166 686,
655 4100 696 4153 14,
715 4101 776 4163 892,
796 4102 839 4156 37.
858 4116 908 4155 sua
927 4099 1059 4154 hauserit.

292 4249 297 4256 ,
356 4189 376 4253 a)
396 4189 476 4242 Conv.
496 4189 570 4242 Suid.
590 4189 621 4240 B.
641 4190 673 4243 A.
693 4189 754 4253 458,
774 4191 816 4244 26.

192 4276 262 4316 t
291 4278 297 4348 ξ
356 4275 375 4341 ³)
396 4276 476 4331 Cous.
497 4277 571 4331 Suid.
596 4277 639 4340 (cf.
659 4277 724 4331 Hes.
744 4293 765 4332 s.
785 4295 809 4334 v.
829 4279 979 4345 πολυτελῆ.
1004 4272 1115 4345 ἀτελῆ),
1138 4274 1186 4345 qui
1205 4274 1272 4330 duos
1291 4271 1438 4329 Menandri

188 4365 197 4431 ³:
213 4355 240 4435 *f
256 4364 340 4419 'locos
364 4366 450 4419 adicit
468 4365 513 4432 (ef.
533 4365 566 4419 fr.
586 4366 645 4420 615.
665 4367 766 4432 Kook),
785 4368 858 4421 unde
880 4366 981 4421 iterum
1004 4370 1121 4435 apparet
1140 4359 1255 4432 εὐτελὴς
1273 4365 1303 4418 et
1320 4364 1438 4418 πολυτε-
