3000 5040
726 215 770 279 42

167 375 306 453 Quartus
324 375 447 440 accedit
469 374 556 440 locus
574 397 623 459 ap.
642 375 730 441 Eust.
750 375 825 450 316,
847 375 895 438 12.
918 371 1021 460 τήθη
1040 373 1130 440 ἐστὶν
1149 366 1170 460 ή
1188 380 1255 438 τοῦ
1272 397 1337 439 πα-

164 472 242 564 τρὸς
268 476 374 567 μήτηρ
402 473 449 558 ῶς
475 473 495 568 ή
519 473 656 567 Ἀερόπη
684 489 733 566 τῶ
756 473 901 565 Ὀρέστῃ,
928 482 985 545 καὶ
1013 473 1033 566 ή
1061 488 1119 566 τῆς
1145 473 1274 566 μητρὸς
1302 480 1337 545 δὲ

163 579 334 672 μήτηρὼς
356 594 405 671 τῶ
429 579 520 671 αὐτῶ
543 581 563 673 ή
588 583 694 673 Λήδα·
719 583 842 662 ταύτας
853 588 878 673 1)
905 587 940 652 δὲ
963 583 1118 671 μάμμας
1139 586 1231 663 τινές
1254 602 1337 669 cmc

164 695 221 757 καὶ
238 695 363 776 μαίας.
388 695 425 760 61.
440 695 516 758 Μ111.
536 692 609 759 Mel.
627 694 703 771 431,
724 695 774 760 13.
807 695 927 760 Iterum
946 694 1055 759 Aelius
1074 694 1245 780 Dionysius
1263 693 1335 758 Ari-

164 800 328 882 stophanis
357 800 532 866 doctrinam
561 802 706 885 suscipit:
738 801 827 866 Eust.
850 824 879 885 p.
904 801 984 877 971,
1008 801 1058 865 28.
1082 796 1193 886 τήθην
1216 839 1261 849 -
1283 789 1336 886 ήν,

165 897 211 982 ὡς
233 905 319 991 λέγει
340 897 379 973 Ἀ.
404 908 450 987 rt,
474 899 634 973 ὀκνοῦσιν
658 905 691 972 οἱ
709 900 849 973 Ἀττικοὶ
874 903 1009 993 μάμμην
1038 906 1160 992 λέγειν,
1188 897 1237 984 ὡς
1264 912 1335 971 τῶν

163 1017 303 1078 πολλῶν
311 1013 338 1099 ²)
363 1005 453 1079 οὕτω
476 1005 538 1099 τήν
559 1013 685 1100 μητέρα
713 1009 899 1099 λεγόντων,
927 1015 983 1079 661
1011 1014 1070 1090 116,
1097 1019 1134 1078 61
1156 1014 1335 1079 doctrinam

165 1119 428 1203 Aristophaneam
452 1126 485 1186 61
507 1121 576 1204 ipse
599 1119 806 1204 amplificaret
829 1125 862 1185 61
885 1120 1066 1204 corrigeret.
1103 1119 1334 1204 Aristophanes

164 1226 247 1291 enim
267 1222 471 1312 16666τηθή,
495 1221 618 1313 μάμμη,
636 1238 716 1310 μαῖα
736 1248 843 1292 66666
862 1227 973 1292 eodem
996 1247 1090 1291 66666
1112 1221 1263 1292 adhiberi
1285 1226 1333 1292 af-

163 1330 357 1398 firmaverat:
381 1332 490 1398 Aelius
513 1334 550 1400 D.
570 1355 643 1399 vero
666 1329 801 1419 μάμμην
819 1333 999 1399 Atticorum
1022 1333 1094 1398 usui
1117 1332 1244 1398 demere
1268 1339 1333 1399 stn-

164 1439 242 1516 1611,
265 1439 350 1523 quod
373 1440 470 1504 etiam
492 1461 551 1523 pro
573 1445 706 1517 ,matre‘‚
729 1461 792 1505 non
815 1440 917 1505 solum
940 1461 998 1523 pro
1021 1441 1109 1516 ‚avia‘
1133 1438 1333 1506 adhibeatur.

161 1556 242 1630 ματα
260 1565 334 1612 vero
355 1546 484 1612 omnino
502 1566 565 1610 non
583 1547 732 1629 respexit,
755 1567 849 1629 quam
866 1567 974 1613 vocem
993 1544 1200 1612 Doriensibus
1218 1547 1252 1611 in
1276 1567 1334 1613 666

162 1651 260 1718 161666
284 1656 418 1718 constat.

252 1758 370 1837 Quinta
388 1758 511 1824 accedit
534 1759 645 1824 rocula
672 1759 953 1844 τηθαλλαδοῦς
976 1778 1057 1841 qnae
1080 1757 1206 1842 etipsa
1228 1759 1334 1826 attici-

162 1868 283 1930 starum
302 1870 358 1942 661,
378 1864 415 1930 cf.
436 1864 474 1930 ir.
494 1865 567 1930 399.
586 1865 696 1932 6612.
715 1865 782 1931 Ael.
802 1866 894 1931 Dion.
913 1866 1005 1931 dicit:
1027 1865 1275 1951 τηθαλλαδοῦς,
1295 1857 1335 1933 ὃν

163 1968 196 2036 οἱ
218 1973 341 2038 πολλοὶ
362 1967 632 2057 μαμμόθρεκτον
655 1971 789 2056 λέγουσι
811 1964 903 2058 παρὰ
925 1963 988 2058 τήν
1011 1967 1130 2058 τηθήν.
1155 1971 1193 2037 cf.
1212 1971 1335 2049 Nauck,

162 2077 216 2143 Ar.
239 2077 313 2162 Byr.
336 2101 365 2163 p.
391 2078 453 2144 139
483 2078 537 2164 (ex
563 2079 652 2144 Eust.
676 2101 706 2162 p.
730 2079 811 2164 971)
843 2079 1078 2164 τηθαλλαδοῦς
1105 2078 1163 2144 καὶ
1190 2085 1334 2164 σκῶμμα

163 2175 319 2270 εὐηθείας
333 2181 408 2268 ἔχει,
428 2176 474 2261 ῶς
493 2192 564 2250 τῶν
583 2177 650 2250 1κὸ
669 2180 841 2262 τοιαύταις
859 2187 914 2271 (sc.
933 2181 1069 2272 τήθαις)
1086 2184 1335 2270 τεθραμμένων

163 2289 210 2367 εἰς
228 2282 388 2376 εὐήθειαν
408 2287 633 2358 ἐπιδιδόντων
653 2283 708 2357 1ιά
727 2283 767 2356 τὸ
792 2283 968 2376 ἀνειμένον
991 2298 1049 2378 τῆς
1072 2297 1201 2378 τροφῆς
1223 2297 1296 2358 κτλ.
1306 2295 1334 2380 8)

162 2395 296 2463 fortasse
323 2402 429 2463 tamen
456 2419 519 2464 non
548 2421 587 2464 ex
613 2399 697 2464 libro
724 2399 802 2484 περὶ
831 2404 1036 2483 συγγενικῶν
1045 2399 1072 2484 ³)
1100 2397 1206 2476 fluxit,
1234 2400 1335 2466 6616

161 2503 244 2569 libro
258 2505 336 2591 τιερὶ
349 2508 579 2592 βλασφημιῶν,
597 2506 652 2570 ubi
667 2505 897 2589 Aristophanes
910 2527 1018 2572 vocem
1032 2506 1211 2571 iteraverat.
1240 2505 1333 2593 (Mili

161 2608 233 2677 Mel.
257 2633 287 2694 p.
309 2612 401 2699 421).
433 2612 594 2696 Aristoph.
619 2613 686 2696 ipse
714 2632 821 2678 vocem
852 2612 964 2678 laudat
995 2633 1044 2696 ap.
1069 2611 1147 2677 Mill.
1170 2611 1244 2680 Mel.
1267 2612 1334 2677 434

162 2716 220 2803 (=
243 2719 332 2784 Eust.
349 2741 379 2802 p.
398 2718 473 2796 971,
491 2720 535 2783 42
546 2719 615 2805 6η),
638 2719 722 2783 6616
744 2718 839 2802 Leop.
860 2718 961 2795 Cohn,
982 2717 1115 2784 Jahrbb.
1134 2717 1242 2803 Suppl.
1262 2719 1334 2784 XII.

161 2846 191 2907 p.
210 2823 275 2888 318
294 2824 336 2889 ab
350 2824 519 2891 Eustathio
537 2825 654 2890 librum
673 2825 751 2909 περὶ
768 2819 1048 2910 προσφωνήοειον
1066 2823 1246 2890 adhibitum
1266 2847 1335 2893 esse

163 2928 275 2995 effecit.

250 3036 495 3120 Aristophanem
521 3037 711 3122 Byzantium
744 3034 780 3101 ἒν
814 3048 1019 3121 ουγγενικοϊς
1046 3038 1145 3121 igitur
1172 3037 1214 3103 ab
1241 3037 1334 3104 Aelio

162 3143 313 3228 Dionysio
332 3143 531 3227 exscriptum,
555 3145 715 3208 interdum
733 3144 831 3209 etiam
853 3143 1079 3228 amplificatum
1102 3149 1134 3210 61
1157 3150 1335 3212 correctum

163 3270 230 3314 esse
258 3248 460 3314 manifestum
487 3255 544 3315 661.
589 3250 658 3315 Iam
688 3251 864 3327 videamus,
895 3272 972 3314 num
999 3251 1096 3317 etiam
1124 3255 1246 3318 ceteros
1272 3252 1335 3317 viri

160 3355 246 3420 illius
275 3356 450 3420 doctissimi
477 3355 576 3421 libros
603 3357 795 3424 adhibuerit.
820 3396 860 3405 -
889 3357 1016 3422 Fresen.
1034 3379 1064 3440 p.
1087 3358 1135 3424 13.
1159 3357 1238 3423 satis
1261 3358 1334 3424 ido·

160 3462 228 3527 neis
252 3462 413 3527 decausis
433 3468 615 3546 excerptum
633 3463 781 3540 Athoum‚
805 3464 890 3548 quod
909 3454 1059 3546 ὀνόματα
1079 3454 1221 3550 ἡλικιῶν
1239 3463 1334 3550 (Mill.

161 3566 234 3633 Mel.
257 3590 288 3652 p.
311 3567 393 3656 428)
420 3569 618 3646 inscribitur,
650 3571 683 3635 in
711 3570 818 3653 plures
845 3575 953 3654 partes
980 3570 1089 3634 divisit
1116 3569 1335 3655 imprimisque

161 3676 283 3752 docuit,
310 3676 431 3760 glossas
454 3677 528 3741 inde
551 3697 570 3741 a
593 3697 668 3741 voce
692 3668 793 3753 ἀστὸς
816 3676 860 3761 (p.
879 3675 954 3753 432,
974 3677 1032 3762 23)
1061 3696 1098 3740 ex
1122 3675 1185 3742 alio
1208 3675 1334 3743 Aristo·

252 3890 271 3958 1)
295 3890 332 3943 Et
355 3889 416 3958 ipsa
436 3887 630 3958 Aristophanis
650 3890 735 3944 verba
755 3904 817 3943 esse
837 3887 1333 3954 nocetMill.Me1.1.1.,Nauckius

162 3977 228 4032 olim
247 3979 339 4034 eicere
358 3978 471 4032 studuit.

251 4067 272 4133 ²)
290 4066 397 4121 Nauck.
422 4083 449 4135 p.
468 4069 528 4121 139.
545 4072 601 4120 not.
621 4067 655 4121 23
674 4068 804 4119 παλαιῶν
823 4064 947 4134 scripsit:
978 4065 1052 4118 haud
1076 4069 1161 4119 recte.
1181 4063 1217 4119 cf.
1231 4066 1331 4136 Phryn.

161 4155 228 4209 Lob.
241 4170 268 4223 p.
283 4157 334 4209 133
354 4159 383 4208 61
401 4172 428 4222 p.
443 4156 503 4210 135.
517 4155 584 4210 Poll.
599 4155 647 4209 III.
663 4156 705 4208 17.

250 4241 272 4310 ³)
296 4239 450 4312 συγγενικὰ
474 4245 637 4309 3116666166,
661 4245 696 4297 16
720 4243 774 4297 lex.
793 4245 840 4297 Ar.
860 4247 888 4297 et
911 4242 985 4297 Suid.
1004 4242 1145 4311 excerptis
1168 4243 1229 4312 byn.
1247 4260 1274 4312 p.
1287 4243 1331 4298 53.

160 4332 233 4400 Aqu.
243 4332 323 4386 Matt.
336 4333 404 4386 1875
415 4332 557 4400 praetulit,
569 4335 641 4401 quod
650 4333 727 4386 Eust.
735 4331 753 4387 l.
764 4332 781 4385 l.
793 4332 981 4388 tantummodo
991 4332 1026 4387 de
1037 4337 1217 4401 συγγενικῶς
1226 4335 1330 4402 ageret
