3000 5040
724 264 764 332 18

165 428 248 500 caat,
275 444 336 508 quo
363 428 448 489 recte
475 424 746 507 perscrutantibus
773 428 826 492 via
847 427 1019 492 monstrari
1044 428 1177 510 poterit,
1205 451 1275 515 qua
1300 431 1346 496 ad

163 532 256 615 plura
278 530 451 613 exquisitae
474 531 637 597 doctrinae
659 531 837 617 fragmenta
854 534 1018 618 perveniat
1058 583 1065 598 .
1094 535 1145 620 (fr.
1165 537 1262 624 377.)

251 637 421 703 Eustath.
457 660 486 722 p.
525 637 624 716 1573,
664 639 718 706 43.
860 642 902 707 ib.
926 663 955 724 p.
981 641 1060 718 700,
1085 642 1134 708 18.
1180 639 1252 731 ἕλη
1276 644 1344 728 μὲν

164 736 218 810 ότι
245 743 281 809 δὲ
306 735 369 831 τὴν
395 741 503 830 εὲλην
526 742 559 809 οἱ
581 747 718 811 παλαιοὶ
771 739 833 834 γὰρ
848 749 905 813 καὶ
921 745 1001 834 εὲλη,
1019 748 1076 811 καὶ
1090 745 1188 836 είλη,
1206 752 1344 836 κυρίως

164 852 221 916 καὶ
247 847 325 938 ἕλην
353 852 471 933 φασὶν,
498 848 539 915 έν
562 846 717 938 ῥητορι-
770 846 791 939 ἡ
816 851 851 934 ἐξ
873 845 979 939 ἡλίου,
1003 843 1090 919 ὅθεν
1107 855 1164 919 καὶ
1186 853 1342 943 παράγε-

164 958 612 1044 κοῑςδηλοῦταιλεξικοῑς.
633 954 718 1023 ’ένθα
771 982 840 1040 ται,
868 951 914 1037 ὡς
942 961 1045 1046 δῆλον
1073 958 1111 1026 ἐκ
1137 967 1200 1027 τοῦ
1230 959 1343 1050 εἱλη-

163 1077 270 1130 κεῑται
296 1065 353 1129 καὶ
380 1053 433 1130 ότι
459 1061 542 1150 εὲλη
569 1066 626 1129 καὶ
653 1061 719 1152 ἕλη
772 1071 984 1150 θερείσθαι
1024 1068 1082 1132 καὶ
1121 1075 1184 1132 τοῦ
1225 1059 1341 1159 ὕδωρ

161 1162 182 1258 ἡ
209 1177 271 1236 τοῦ
296 1162 393 1257 ἡλίου
422 1161 505 1256 αόγὴ
532 1173 589 1236 καὶ
616 1169 718 1259 εἱλη-
773 1169 977 1259 είληθερὲς
1009 1175 1066 1238 καὶ
1101 1180 1164 1238 τοῦ
1195 1172 1340 1241 θειλό-

162 1284 300 1364 θερεῐν
344 1269 384 1342 τό
427 1269 622 1363 ἡλιόζεοθαι
663 1281 720 1344 καὶ
772 1270 1339 1359 πεδον,όθενθειλοπεδεόειν.

163 1382 286 1450 εἱλεῖν
313 1375 352 1450 τό
382 1383 419 1449 ἐν
445 1375 529 1470 ἡλίῳ
552 1386 719 1470 ξηραίνειν

162 1543 169 1556 .
195 1543 202 1556 .
228 1542 234 1556 .
258 1543 265 1556 .
289 1492 347 1556 καὶ
379 1488 586 1576 εἱληθερὲς
613 1482 718 1578 ὕδωρ

161 1589 201 1662 τό
225 1590 293 1663 ὑπὸ
317 1589 414 1683 ἡλίου
437 1597 718 1682 τεθερμαομένον.

251 1704 395 1770 Glossam
422 1698 626 1770 θειλόπεδον
654 1706 752 1788 igitur
781 1724 819 1769 ex
845 1706 964 1771 eisdem
991 1705 1099 1772 lexicis
1126 1707 1299 1775 rhetoricis
1309 1711 1337 1796 ¹)

162 1811 336 1876 derivatam
359 1830 426 1874 esse
448 1816 593 1893 apertum
617 1815 673 1876 est.
709 1811 754 1876 Ut
776 1817 883 1877 autem
905 1812 947 1878 ad
969 1817 1130 1878 auctorem
1152 1814 1336 1896 glossarum

161 1917 387 2000 perveniamus,
409 1914 667 2000 proficiscendum
686 1922 733 1982 est
751 1917 792 1984 ab
814 1919 863 1983 Et.
883 1919 925 1983 M.
942 1919 1018 1997 449,
1037 1919 1089 1985 25.
1112 1916 1336 2003 θειλόπεδον,

164 2015 182 2088 ό
206 2018 326 2102 τόπος,
353 2021 390 2087 έν
418 2021 446 2107 ηδ
474 2024 688 2109 ξηραίνονται
716 2021 750 2088 αἱ
777 2027 943 2107 σταφυλαὶ
969 2017 990 2112 ἡ
1018 2022 1114 2111 ἕτεροί
1140 2049 1225 2092 τινα.
1268 2019 1335 2115 τὴν

160 2128 276 2214 μέντοι
302 2135 374 2195 τῶν
401 2124 514 2195 σύκων
541 2125 643 2214 ψύξιν
670 2123 810 2217 τραοιὰν
838 2131 992 2217 λέγουσιν
1019 2125 1112 2218 παρὰ
1139 2123 1178 2198 τό
1208 2130 1283 2221 ἕλη,
1312 2125 1334 2201 ό

92 2310 94 2313 v
162 2237 311 2323 σημαίνει
332 2229 395 2322 τὴν
417 2237 604 2321 θερμασίαν
613 2237 648 2324 ²).
686 2237 723 2301 In
750 2238 787 2303 fr.
812 2238 877 2305 305
899 2231 1028 2326 τρασιὰ,
1052 2228 1094 2304 οὗ
1117 2247 1201 2304 σῦκα
1225 2237 1331 2326 ψύγε-

160 2366 215 2407 ται
228 2343 344 2427 legitur
360 2343 485 2431 (oinct.
495 2342 540 2431 5.)
555 2365 649 2426 quem
662 2344 773 2421 locum,
792 2346 876 2430 quod
895 2339 1028 2432 όρηιχος
1045 2348 1130 2412 redit
1148 2347 1200 2432 (cf.
1210 2347 1249 2412 fr.
1262 2349 1332 2437 76),

160 2451 202 2516 ad
226 2449 414 2516 Pausaniam
435 2451 620 2517 reducamus
643 2473 770 2518 necesse
793 2457 849 2518 est.

248 2558 316 2623 Iam
338 2557 434 2636 vides,
457 2579 519 2642 quo
541 2560 677 2624 tendam.
711 2559 814 2625 siut.
834 2560 916 2644 Mag.
936 2553 1154 2646 (indecorosa
1177 2561 1237 2626 sub
1257 2567 1330 2628 θει-

159 2659 307 2731 λόπεδον
340 2666 453 2743 citant,
484 2666 581 2731 ctiam
612 2666 749 2750 glossam
779 2662 985 2733 θειλόπεδον
1018 2669 1156 2733 eiusdem
1188 2671 1330 2737 auctoris

160 2793 227 2837 esse
250 2773 468 2838 concedemus:
500 2773 550 2839 sin
577 2777 683 2838 autem
705 2769 910 2839 θειλόπεδον
939 2774 988 2839 bis
1015 2776 1100 2858 apud
1122 2774 1330 2843 Eustathium

160 2900 232 2944 cum
255 2876 324 2966 εὲλη
347 2880 560 2963 coniungitur,
584 2900 623 2944 ex
646 2881 756 2946 eodem
778 2881 865 2946 fonte
888 2881 992 2964 glossa
1015 2881 1158 2947 derivata
1180 2903 1248 2947 esso
1272 2884 1328 2949 dc-

159 2986 215 3050 bet
237 2991 332 3068 atque
356 2983 439 3073 είλη,
461 2988 481 3052 i.
501 3007 527 3054 e.
546 3007 585 3051 ex
606 2986 782 3052 Pausaniae
804 2989 963 3054 atticistae
984 2987 1094 3053 lexico.
1113 3027 1157 3036 -
1180 2988 1327 3055 Alterum

160 3093 281 3158 accedit
299 3099 519 3176 argumentum
540 3114 642 3177 neque
665 3094 796 3160 minoris
817 3095 923 3177 pretii,
947 3096 1030 3179 quod
1052 3097 1086 3160 in
1109 3095 1145 3160 fr.
1169 3095 1241 3174 155,
1263 3097 1326 3162 ite-

159 3222 230 3264 rum
257 3221 296 3263 ex
323 3198 479 3264 Pausania
505 3200 622 3282 petito,
651 3201 781 3283 legitur:
813 3202 871 3265 καὶ
898 3198 998 3266 εἱλεῖν
1025 3193 1066 3267 τό
1095 3196 1251 3287 συνάγειν
1279 3201 1327 3280 είς

158 3297 262 3370 ταότδ
287 3305 341 3392 (sc.
364 3296 404 3371 τό
428 3305 567 3393 πιέζειν)
590 3299 649 3384 τὰς
673 3302 851 3389 σταφυλάς.
897 3308 989 3373 Locis
1012 3310 1110 3392 igitur
1132 3315 1218 3374 recte
1241 3309 1327 3375 inter

160 3435 193 3478 se
216 3413 405 3496 comparatis
428 3413 547 3496 glossas
571 3411 685 3494 εἱλεῖν,
714 3411 799 3501 εὲλη,
823 3411 1024 3501 εἱληθερεῑν,
1047 3412 1231 3501 εἱληθερές,
1254 3422 1326 3482 θει-

159 3514 316 3599 λόπεδον,
339 3515 590 3585 θειλοπεδεύειν
614 3542 721 3587 omnes
743 3523 875 3587 diversis
898 3543 937 3586 ex
960 3523 1121 3588 Eustathii
1143 3523 1220 3599 locis
1243 3524 1325 3608 peti-

159 3633 209 3692 tas
232 3647 401 3712 earumque
421 3627 644 3710 explicationes
663 3651 701 3694 ex
719 3628 877 3694 Pausania
894 3627 1021 3694 fluxisse
1040 3629 1219 3695 didicimus:
1244 3651 1326 3712 quac

158 3755 209 3800 res
232 3735 345 3800 summi
368 3735 428 3800 erit
446 3735 605 3812 momenti,
627 3735 654 3800 si
676 3737 841 3814 rationem,
864 3757 927 3820 qua
945 3736 1130 3802 Eustathius
1152 3737 1186 3800 in
1209 3737 1325 3803 exscri-

157 3841 268 3908 bendis
290 3841 439 3908 atticistis
461 3862 536 3906 usus
559 3846 616 3918 est,
639 3841 741 3924 capite
764 3844 860 3908 tertio
884 3863 1081 3926 exponemus.

247 4057 268 4121 ²)
286 4056 361 4109 redit
378 4072 405 4124 p.
425 4056 473 4121 43,
491 4054 534 4110 38.
563 4048 671 4121 όιιοῖόνΙ
686 4071 712 4108 τι
735 4057 783 4109 καί
807 4052 854 4110 ἐπὶ
876 4055 929 4110 τοῦ
952 4049 1167 4110 θειλοπεδεόειν
1190 4057 1278 4123 φασὶν
1297 4051 1325 4110 ολ

159 4145 282 4198 παλαιοί.
326 4139 475 4198 είλόπεδον
498 4140 554 4214 γὰρ
576 4141 663 4198 πέδον
687 4138 746 4212 εὲλη
769 4139 960 4215 βαλλόμενον,
984 4142 1130 4199 τουτέστιν
1152 4136 1232 4212 ἡλίου
1256 4147 1324 4215 dea

158 4233 247 4306 μασίᾳ
266 4234 313 4286 καί
332 4235 506 4304 πλεονασμῷ
526 4234 577 4286 τοῦ
597 4234 618 4285 θ
636 4227 807 4286 θειλόπεδον
826 4234 874 4286 καί
893 4230 968 4303 ῥῆμα
987 4228 1211 4287 θειλοπεδεύειν.

247 4322 268 4389 l)
286 4321 392 4376 Eadem
412 4321 441 4376 in
459 4323 503 4375 Et.
519 4321 588 4375 Gud.
601 4322 662 4387 256,
681 4322 724 4386 38,
743 4321 790 4375 ubi
804 4337 865 4377 cum
883 4320 1028 4392 Sylburgio
1047 4317 1166 4391 τρασιὰν
1184 4337 1233 4391 pro
1252 4337 1324 4392 πρα·

159 4404 222 4462 crdo
241 4409 432 4479 corrigendum
451 4414 500 4464 ost.
529 4409 652 4464 Sturzius
670 4411 799 4464 mendum
818 4409 1006 4465 foedissimum
1025 4410 1174 4483 diligenter
1192 4409 1323 4466 servavit
