3000 5040
1201 248 1204 253 -
1258 196 1292 281 ¹?

645 296 709 367 225

87 460 126 531 di
149 453 228 530 κατ’
251 453 452 548 ἄντίφρασιν
473 453 514 527 τό
534 455 698 546 χαλεπὸν·
742 460 782 527 ἐν
808 457 928 548 ἑτέρῳ
952 460 1008 544 δὲ,
1037 451 1089 529 ότι
1113 460 1183 531 ἔστι
1205 465 1262 532 καὶ

87 565 276 656 ἄγανον1)
300 565 611 655 προπαροξυτόνως
633 571 691 635 καὶ
715 570 812 656 δηλοῖ
832 561 872 634 τὸ
895 566 1066 654 κατεαγός.
1099 567 1261 657 τραγικώ-

86 700 190 764 τερον
219 675 270 758 ds,
293 693 402 764 φησι,
428 667 469 741 τό
499 669 607 761 ὄνομα
634 676 693 764 (=
717 676 818 742 Onam.
842 677 901 742 An.
921 677 991 742 Par.
1009 677 1068 742 III.
1088 679 1168 757 373,
1186 680 1261 766 32).

179 785 254 850 341.
287 784 460 850 Eustath.
484 806 513 867 p.
534 784 629 862 1414,
648 784 700 850 28.
733 783 845 850 ἰστέον
870 785 916 865 δὲ,
939 776 985 862 ὡς
1008 777 1028 871 ἢ
1052 782 1183 873 τολόπη
1205 787 1262 851 καὶ

89 887 192 978 οἷγμα
216 891 358 976 λέγεται,
386 883 426 956 τό
450 893 505 956 καὶ
529 887 680 976 κάταγμα
706 883 798 977 παρὰ
821 895 997 974 Σοφοκλεῖ
1018 893 1143 979 (Trach.
1163 895 1262 981 696).
1290 912 1303 952 ε

89 991 225 1088 εόρηται
254 1005 336 1084 γοῦν
365 997 401 1063 ἒν
430 1003 571 1084 λεξικῴ
599 995 812 1086 ῥητορικῷ,
841 989 894 1065 ότι
922 992 1058 1086 όγμαῑ)
1087 992 1128 1065 οό
1154 997 1263 1086 μόνον

90 1102 277 1192 σύντριμμα
300 1097 385 1171 ἀλλὰ
404 1107 461 1170 καὶ
480 1105 761 1192 κατειργασμένον
780 1103 880 1192 ἔριον.
905 1096 959 1174 ότι
977 1107 1014 1173 δὲ
1032 1107 1089 1172 καὶ
1106 1103 1262 1195 βήρηξ1)

90 1322 149 1386 καὶ
172 1317 207 1385 αἱ
229 1315 409 1405 τολύπαιθ)
432 1326 504 1386 τοῦν
528 1319 637 1405 ἐρίων.

180 1428 254 1493 342.
286 1427 458 1493 Eustath.
477 1450 507 1511 p.
528 1428 623 1505 1394,
642 1427 693 1493 35.
727 1427 764 1493 ἐν
783 1428 819 1494 δὲ
837 1424 1065 1514 ῥητορικοῖς
1088 1432 1262 1510 λεξικοῖς
1276 1449 1302 1486 1⁰

90 1534 229 1621 φέρεται
256 1536 313 1599 καὶ
334 1542 455 1600 ταῦτα·
489 1527 636 1622 όιδηνῑ)
660 1527 801 1601 Ἀττικοὶ
828 1527 868 1601 τό
897 1536 1062 1619 δαψιλῶς,
1095 1526 1179 1601 ὅθεν
1206 1538 1263 1602 καὶ

91 1634 290 1728 όδήφαγοι
318 1639 482 1728 irtrcoffl)¹
512 1639 544 1706 οἱ
571 1641 694 1708 τέλειοι
721 1644 778 1707 καὶ
810 1634 1015 1730 οῗδήφαγον
1044 1634 1180 1730 όρμαῧ)
1209 1635 1264 1709 διὰ

89 1741 172 1826 τοὺς
194 1740 271 1814 κατ’
290 1741 372 1814 αότό
396 1750 544 1826 τελείους
563 1747 687 1827 ἵππους
707 1749 776 1839 [καὶ
795 1744 926 1838 ἄδος4)
945 1745 1057 1836 κόρος,
1079 1742 1264 1837 πλησμονὴ,

89 1851 254 1939 κάματος·
280 1848 343 1939 όφ)
366 1845 408 1922 οὗ
430 1849 621 1941 ἀδόλεσχος,
646 1850 693 1923 δι’
718 1850 792 1934 ἑνὸς
816 1859 845 1937 δ,
869 1850 887 1922 ὃ
912 1859 969 1922 καὶ
992 1851 1185 1944 ἀδολέσχης,
1208 1858 1264 1922 καὶ

90 1955 271 2048 οἷδαῖονῡ)
295 1955 386 2048 παρὰ
405 1959 570 2049 Σώφρονι
588 1956 628 2029 τό
649 1963 696 2042 εἰς
718 1961 824 2050 κόρον
848 1959 969 2052 ἔργον).
999 1962 1048 2029 ἔτι
1072 1964 1108 2030 δὲ
1131 1965 1187 2029 καὶ
1212 1955 1264 2029 ότι
1279 1983 1304 2023 15

90 2061 295 2156 οἷδήφαγοι
318 2067 471 2156 ἵπποιῧ)
496 2068 529 2135 οἱ
547 2070 677 2136 τέλειοι.
701 2082 772 2148 τοῖς
795 2063 857 2157 γὰρ
880 2068 1019 2152 πώλοις,
1043 2072 1179 2158 φησὶν,
1202 2063 1265 2137 οὐκ

91 2397 238 2451 auctorem
257 2390 294 2461 (οὶ
313 2391 354 2459 δὲ)
372 2398 509 2462 provocat.
538 2392 655 2448 Fusiora
673 2410 717 2463 ap.
737 2395 767 2448 B.
784 2395 816 2450 A.
832 2394 893 2460 335,
913 2395 955 2450 12.
976 2393 1021 2463 (cf.
1041 2395 1137 2449 Cratin
1156 2394 1190 2448 fr.
1204 2396 1264 2449 238.

91 2484 194 2551 Koch),
213 2480 248 2538 of.
264 2482 365 2551 Apion.
380 2488 442 2551 post
460 2483 504 2536 Et.
525 2482 595 2537 oud.
615 2484 674 2548 604,
693 2484 736 2538 44.
756 2484 802 2538 Et.
821 2484 860 2538 M.
880 2485 909 2551 5,
928 2484 971 2539 57.
993 2484 1120 2538 Eustath.
1139 2501 1165 2552 p.
1187 2485 1264 2551 1467,

91 2574 140 2630 60.
159 2573 286 2641 Apollon.
305 2571 361 2626 lex.
380 2572 452 2626 horn.
476 2589 502 2641 p.
523 2573 552 2637 5,
573 2573 614 2627 14.
632 2603 669 2612 -
687 2572 777 2627 Schol.
796 2574 845 2627 Ar.
864 2573 947 2642 Vesp.
968 2573 1046 2627 1467.
1074 2567 1181 2642 ἀγαυός
1203 2589 1265 2626 curn

90 2655 318 2733 ἀγανοφροσύνη
338 2660 486 2729 coniungit,
507 2660 541 2716 of.
560 2661 626 2715 Hes.
646 2663 677 2715 Β.
696 2665 730 2716 Α.
749 2661 811 2730 324,
831 2662 874 2716 13.
893 2661 982 2717 Schol.
1001 2662 1066 2715 Eur.
1087 2661 1131 2716 Or.
1152 2663 1229 2716 1392.
1379 2650 1382 2656 ’

187 2750 208 2818 1)
228 2749 268 2806 01.
288 2751 363 2805 Suid.
383 2750 401 2803 l.
420 2751 439 2805 l.
458 2751 524 2805 Hes.
543 2752 574 2805 B.
593 2753 627 2805 A.
647 2752 708 2815 335,
728 2753 770 2805 10.
790 2751 881 2806 Schol.
901 2754 949 2806 Ar.
968 2753 1031 2822 Lys.
1051 2752 1111 2806 886.

141 2841 202 2896 341.
221 2838 315 2894 Aelii
334 2839 493 2909 Dionysii
512 2855 573 2894 esse
592 2846 667 2909 puto,
687 2839 722 2894 of.
741 2840 813 2894 Prol.
832 2857 859 2909 p.
879 2841 922 2894 73.
950 2841 995 2894 Fr.
1015 2841 1039 2895 8.
1058 2844 1114 2894 not.
1133 2841 1158 2894 2.

188 2931 207 2996 ¹)
226 2928 308 2983 Oonv.
327 2929 358 2983 B.
378 2930 411 2984 A.
431 2929 497 2993 324,
518 2930 559 2983 19.
587 2928 684 2982 Priora
702 2928 829 2983 adiunxit
847 2929 912 2984 Hes.
932 2929 990 2999 (ubi
1013 2924 1148 2996 πέμματα
1167 2929 1265 2999 legas),

91 3019 131 3076 cf.
150 3018 226 3075 Suid.
244 3018 290 3073 Et.
309 3019 347 3072 M.
369 3020 410 3084 11,
429 3018 472 3072 47.
491 3018 569 3072 Eust.
588 3035 615 3087 p.
636 3018 714 3085 1399,
734 3020 776 3074 63.
796 3018 917 3087 Lobock,
937 3018 1074 3088 Aglaoph.
1093 3036 1120 3087 p.
1141 3019 1218 3074 1064.

187 3109 206 3174 ¹)
227 3107 308 3163 Gonv.
327 3107 392 3161 Hes.
412 3124 434 3162 s.
452 3103 586 3178 βάρακες.
616 3107 656 3161 Of.
675 3102 811 3178 βήρηκες·
836 3103 944 3176 τολόπη
963 3111 994 3162 Β.
1014 3111 1048 3163 A.
1067 3109 1132 3174 226,
1154 3112 1177 3163 1.
1196 3107 1266 3163 Poll.

91 3197 144 3252 VI.
164 3198 206 3252 77.
226 3196 321 3265 (ubil.
342 3194 545 3265 διηττημένων,
570 3196 605 3251 cf.
624 3196 658 3250 fr.
679 3199 748 3258 126).
785 3197 946 3252 Doctrinam
970 3204 1092 3253 nostram
1115 3214 1176 3253 cnm
1195 3197 1229 3253 fr.
1249 3199 1266 3252 8

94 3287 272 3342 coniunctam
291 3302 336 3355 ap.
355 3286 450 3341 Varin.
471 3286 545 3341 Cam.
565 3285 595 3339 in
612 3286 676 3341 Ald.
697 3287 847 3356 Cornucop.
866 3304 893 3356 p.
913 3289 939 3342 3.

186 3375 208 3445 8)
227 3383 336 3446 σφαῖρα
356 3375 494 3430 excidisse
512 3379 587 3444 puto,
607 3375 641 3430 cf.
661 3393 688 3445 p.
709 3378 845 3443 1337,19.
874 3377 946 3432 Nam
965 3393 1017 3432 vox
1036 3371 1144 3445 τολόιιη
1163 3376 1267 3430 autad

94 3467 255 3536 placentam
279 3469 329 3519 snt
351 3466 386 3520 ad
411 3465 535 3534 glomere
557 3463 691 3533 refertur,
716 3465 750 3520 cf.
775 3465 852 3520 Eust.
877 3483 903 3535 p.
928 3467 1056 3529 969,12.
1080 3466 1146 3520 Hes.
1165 3465 1209 3519 Et.
1228 3465 1266 3519 M.

96 3555 161 3624 761,
179 3555 222 3610 52.

143 3644 345 3702 342.¹10onv.
370 3644 447 3698 Phot.
473 3643 546 3698 Suid.
572 3643 638 3698 Hes.
663 3642 753 3698 Schol.
778 3643 848 3698 Plat.
874 3643 983 3698 Gharrn.
1002 3660 1029 3712 p.
1049 3642 1139 3698 1351).
1163 3641 1208 3696 Et.
1228 3641 1266 3694 M.

97 3736 142 3800 17,
161 3735 203 3789 52.
224 3733 293 3788 Gud.
314 3734 339 3801 7,
358 3733 401 3787 23,
421 3734 452 3787 Β.
471 3735 505 3786 A.
524 3733 586 3794 341,
608 3735 649 3787 16.
668 3732 746 3786 Eust.
766 3749 793 3801 p.
806 3734 867 3798 539,
880 3735 905 3787 1.
924 3733 994 3786 Mill.
1008 3732 1072 3786 Mel.
1088 3748 1114 3800 p.
1127 3731 1189 3785 400.
1213 3729 1268 3784 Sed

97 3823 202 3892 ubique
221 3823 307 3877 multo
325 3822 456 3877 uberiora
473 3824 628 3877 traduntur.
648 3853 681 3861 —
700 3821 809 3876 Deinde
833 3815 979 3891 ἀδηφαγος
997 3819 1089 3889 glossa
1112 3822 1168 3889 (ap.
1188 3819 1266 3874 Phot.

97 3914 130 3968 Β.
150 3916 182 3967 A.
202 3913 264 3979 341,
284 3914 319 3978 9.)
339 3911 476 3967 excidisse
495 3911 612 3965 ridetur.

190 4001 211 4068 1)
230 4001 270 4056 01.
290 4005 346 4056 not.
366 4004 390 4056 6.

189 4090 211 4157 ⁸)
230 4091 270 4146 cf.
289 4091 368 4145 Phot.
388 4085 537 4160 ἅδήφαγον
560 4077 637 4159 ἅρμα
656 4090 686 4142 Β.
706 4091 740 4143 A.
759 4089 824 4157 343,
844 4089 941 4143 26-
964 4089 1093 4143 Fortasse
1116 4089 1171 4144 huc
1194 4087 1267 4143 refe-

99 4181 189 4237 renda
207 4186 271 4234 sunt
290 4182 320 4235 B.
340 4183 373 4235 A.
393 4181 455 4245 343,
474 4181 516 4234 27.
536 4182 580 4247 (--
598 4179 688 4243 Phot.)
706 4179 768 4246 203,
788 4178 839 4242 19.,
859 4176 894 4231 of.
912 4177 983 4231 Nab.
1002 4177 1074 4233 Prol.
1093 4194 1120 4247 p.
1139 4177 1182 4233 54.

190 4270 211 4338 ⁴)
230 4271 360 4325 Fortasse
378 4271 433 4325 huc
451 4285 523 4338 resp.
543 4269 609 4322 Hes.
629 4285 650 4322 s.
665 4285 688 4321 r.
708 4259 802 4336 όδδην.
833 4265 999 4322 Graeculum
1018 4266 1179 4337 posterioris
1191 4270 1269 4321 aeta-

100 4359 138 4414 tis
157 4358 203 4415 hic
220 4373 371 4428 agnoscere
389 4357 458 4414 mihi
476 4358 578 4413 videor.

190 4448 212 4515 ⁶)
231 4447 271 4502 cf.
291 4447 356 4502 Hes.

1021 4535 1056 4589 15
