3000 5040
772 222 839 291 268

220 380 460 463 σπαρίζεινῑ)
488 372 573 445 κατά
601 374 640 445 τὸ
669 378 888 467 σκάριζειν,
919 376 966 459 ὡς
993 380 1035 447 ἐν
1062 378 1270 469 ῥητορικῷ
1299 398 1395 469 σεση-

218 486 358 568 μείωται
380 492 530 572 λεξικῷ.

308 594 382 661 434.
417 594 590 661 Eustath.
614 618 643 680 p.
670 596 769 673 1515,
788 596 840 662 50.
874 594 915 661 έν
943 595 985 661 61
1011 600 1169 682 παλαιῷ
1193 592 1395 683 ῥητορικῷ

223 704 366 785 λεξικῷ
390 691 574 788 εύρηνται
599 704 654 767 καὶ
680 698 917 789 σκολύθρια·
942 704 1058 789 διφρὶα
1080 702 1213 789 βραχέα
1245 704 1307 769 καὶ
1330 697 1395 769 ἄλ-

195 830 207 865 .··
222 811 298 884 λοος
321 808 370 873 δὲ·
396 805 651 895 σκόλυθρα1)
679 810 794 895 διφρέα
816 806 969 876 ταπεινά.
1002 811 1075 894 [καί
1098 809 1168 876 έστι
1190 809 1256 895 μὲν
1279 802 1324 877 τὸ
1347 812 1394 877 δι-

221 916 322 999 φρὶον
346 914 415 980 ε’κεῖ
437 908 483 993 ὡς
505 916 610 1001 γένος,
632 909 672 983 τὸ
697 914 893 1001 σκόλυθρον
913 909 935 1005 ἢ
958 913 1182 1001 σκολύθριον,
1204 910 1255 995 ὦς
1279 912 1395 1003 εἶδος]

221 1015 240 1107 ι)
265 1022 301 1085 δὲ
322 1030 436 1109 χρῆσις
459 1016 565 1089 αύτοῦ
588 1017 790 1109 ἀναφέρεται
818 1023 865 1102 εἰς
887 1020 1056 1091 Πλάτωνα
1078 1022 1116 1090 ἐν
1138 1016 1351 1112 Εὐθυδήμῳ.

308 1130 384 1195 435.
416 1130 588 1196 Eustath.
606 1153 637 1215 p.
659 1132 756 1211 1626,
776 1132 828 1198 30.
860 1130 889 1197 εἰ
913 1130 951 1197 δέ
971 1154 1024 1217 γε,
1051 1125 1098 1209 ὡς
1120 1129 1162 1198 ἐν
1189 1127 1396 1219 ῥητορικῷ

222 1226 383 1322 εύρηται
402 1241 558 1322 λεξικῷ,
576 1231 597 1324 ἡ
616 1244 740 1316 κοινῶς
762 1238 922 1325 λεγομένη
949 1234 1053 1325 σύρβη
1075 1234 1199 1325 τύρβη
1209 1238 1237 1326 ¹)
1262 1238 1395 1325 λέγεται

184 1334 380 1423 witemora,
404 1344 562 1431 ζητητέον
582 1339 698 1430 ἑτέραν
721 1337 797 1411 τινά
816 1344 1036 1430 ἐτυμολογίαν
1053 1340 1177 1431 ταύτης
1195 1368 1234 1411 τε
1251 1346 1312 1411 καὶ
1332 1352 1396 1411 τοῦ

220 1446 396 1533 τυρβάζειν
420 1446 533 1535 ὥσπερ
557 1454 611 1516 καὶ
635 1458 699 1517 τοῦ
720 1459 832 1537 τυροῦ.

795 1706 825 1766 Τ.

312 1862 386 1925 436.
419 1863 592 1927 Eustath.
610 1885 641 1946 p.
663 1863 757 1939 1391,
777 1865 826 1927 11.
859 1852 912 1927 ύτι
936 1860 972 1928 δὲ
992 1860 1029 1926 ἐκ
1051 1868 1115 1926 τοῦ
1132 1856 1297 1927 τοιούτου
1316 1862 1396 1929 θέλ-

222 1990 292 2051 γειν
311 1965 344 2031 οἱ
367 1970 559 2054 Τελχῖνεςῑ),
583 1970 740 2055 δῆλουσιυ
762 1967 794 2034 οἱ
812 1969 960 2048 παλαιοὶ,
982 1960 1066 2054 παρ’
1085 1962 1136 2046 οἷς
1157 1970 1217 2034 καὶ
1237 1970 1398 2055 Θελγῑνες

223 2074 384 2157 λέγονται.
404 2074 445 2141 έν
459 2082 541 2160 γοῦν
559 2073 757 2162 ῥητορικῷ
775 2080 917 2162 λεξικῷ
935 2064 1034 2141 κατά
1053 2086 1256 2161 στοιχεῖον
1274 2088 1395 2163 προϊ-

184 2217 208 2255 rr,
223 2177 309 2246 όντι
332 2177 509 2267 γράφεται·
538 2184 756 2268 Θελγϊνες1)
780 2179 905 2269 γόητες,
928 2178 1107 2268 φάρμακσι.

312 2399 332 2464 ¹)
351 2397 390 2452 ef.
415 2398 492 2451 Phot.
512 2397 586 2452 Suid.
607 2397 674 2451 Lex.
693 2397 806 2451 Bachm.
824 2396 891 2461 368,
916 2397 958 2451 13.
976 2412 998 2450 s.
1017 2413 1041 2451 v.
1061 2394 1212 2466 οπαὶρεται
1235 2394 1306 2451 Hes.
1325 2412 1349 2451 s.
1367 2412 1393 2450 v.

222 2487 394 2557 οκαρίζεται.
413 2487 457 2541 Et.
477 2487 513 2541 M.
535 2486 594 2551 154,
613 2487 655 2539 17.

266 2577 326 2632 434.
357 2578 376 2642 1)
399 2575 488 2631 Schol.
512 2575 583 2629 Plat.
607 2574 726 2644 Euthyd.
754 2592 781 2643 p.
805 2576 894 2630 278B.
932 2568 1105 2644 σκολύθρια·
1132 2570 1254 2628 ταπεινὰ
1278 2574 1393 2645 διφρέα·

224 2660 293 2719 ένιοι
317 2663 348 2719 δὲ
370 2659 521 2719 inordina
559 2663 708 2718 Atticistae
736 2663 890 2718 doctrinam
917 2664 1020 2733 repetit
1043 2661 1113 2717 Tim.
1137 2662 1204 2717 Lex.
1227 2662 1300 2717 ent
1324 2662 1393 2719 Has.

224 2774 244 2808 s.
259 2773 283 2810 v.
299 2750 478 2823 σκολύθρων.
497 2783 532 2793 -
551 2752 677 2807 Alteram
701 2752 853 2807 doctrinam
872 2751 987 2807 exhibet
1003 2752 1082 2806 Phot.
1101 2749 1177 2807 Suid.
1191 2750 1260 2806 Lex.
1274 2752 1394 2807 Bachm.

223 2844 284 2911 366,
305 2843 345 2898 18.
365 2843 571 2911 -Utramque
590 2841 742 2897 doctrinam
764 2842 824 2896 loco
842 2840 964 2896 Platonis
983 2840 1095 2895 laudato
1113 2840 1201 2895 hahes
1220 2855 1266 2910 ap.
1284 2840 1333 2895 Et.
1352 2840 1394 2897 M.

224 2934 284 2999 718,
303 2933 345 2986 39.
365 2931 436 2985 Mill.
456 2932 519 2985 Mel.
539 2947 564 2999 p.
581 2931 641 2985 267.
661 2930 698 2984 ih.
717 2947 743 2998 p.
758 2930 811 2984 402
830 2928 1042 2997 (Pseudo-Didi.
1061 2929 1127 2983 Hes.
1141 2944 1163 2983 s.
1178 2945 1203 2983 s.
1218 2924 1395 3000 σκολύθρια,

294 3021 355 3074 435.
377 3023 395 3085 ¹)
415 3019 454 3074 cf.
468 3037 495 3088 p.
508 3019 570 3085 871,
583 3019 626 3074 66.
655 3018 754 3072 Totum
767 3020 856 3072 locum
869 3035 904 3072 ex
917 3017 1147 3086 Aristophane
1158 3018 1326 3089 Byzantio
1340 3016 1394 3073 fln-

223 3109 297 3163 xisse
312 3110 392 3162 docet
405 3108 449 3161 Et.
464 3108 502 3162 M.
516 3125 544 3176 p.
560 3109 620 3173 736,
635 3108 678 3161 23.
706 3102 897 3178 Συρβηνὸς·
917 3104 932 3161 ὁ
947 3101 1113 3177 ταραχώδης
1126 3101 1184 3161 άπὸ
1198 3108 1257 3160 τῶν
1270 3101 1392 3162 αὐλούν-

223 3216 281 3251 των
304 3193 376 3263 μετά
403 3190 530 3266 θορύβου
550 3239 556 3250 .
573 3240 578 3249 .
596 3238 602 3250 .
619 3239 624 3251 .
644 3198 693 3250 καὶ
718 3194 918 3267 συρβηνέων
933 3191 1040 3267 χορὸς
1058 3189 1075 3250 ὃ
1093 3192 1319 3266 τεταραγμένος·
1341 3198 1392 3249 καὶ

225 3281 366 3353 συώδης·
386 3279 443 3338 άπὸ
462 3288 513 3338 τοῦ
532 3292 591 3347 τοῖς
608 3287 692 3338 κυσὶν
710 3285 738 3355 (1.
756 3286 848 3352 συσὶν)
867 3279 1102 3353 ἐπιφαινομένου
1118 3277 1312 3355 συρβάβυττα.
1340 3280 1394 3339 τὸν

225 3370 348 3445 τάραχον
367 3376 415 3427 καὶ
434 3368 532 3443 ούρβη,
553 3368 592 3437 ὡς
606 3368 805 3443 Ἀριστοφάνης
824 3367 839 3427 ὃ
858 3368 1060 3444 γραμματικός.
1084 3371 1124 3428 Cf.
1136 3371 1238 3428 Nauck
1255 3373 1305 3427 Ar.
1324 3372 1393 3445 Byr.

224 3482 249 3533 p.
269 3464 330 3517 241.
355 3478 429 3530 sqqu.
448 3462 550 3517 Zenoh.
566 3462 612 3516 VI.
633 3464 657 3516 l.
681 3462 721 3516 Cf.
740 3462 812 3517 Prol.
830 3479 856 3532 p.
877 3464 918 3518 68.
943 3468 998 3517 not.
1019 3465 1043 3516 1.
1064 3493 1096 3501 -
1115 3456 1204 3533 τύρβη
1222 3458 1329 3543 legitnp
1345 3476 1392 3533 sp.

223 3554 300 3607 Phot.
321 3552 395 3607 Suid.
415 3552 482 3606 Lex.
501 3551 613 3606 Bachm.
633 3553 695 3618 392,
714 3552 739 3606 5.
758 3551 823 3605 Hes.
843 3551 966 3607 Erotion.
986 3569 1012 3621 p.
1028 3552 1088 3617 125,
1107 3552 1133 3606 6.
1160 3550 1205 3605 Κ1.
1224 3550 1256 3606 Β.
1274 3552 1309 3606 A.
1328 3551 1392 3619 368,

224 3644 266 3696 27.
279 3643 324 3695 Et.
339 3641 377 3695 M.
394 3641 454 3707 772,
469 3641 511 3695 24.
528 3672 560 3680 -
581 3634 672 3711 ούρβη
691 3639 765 3710 apud
779 3643 898 3695 eosdem.
913 3671 949 3680 -
963 3635 1250 3711 (11οεειοουρβηνεύς,
1270 3634 1392 3709 συύθης,

225 3725 406 3801 ουρβάβυττα
425 3731 499 3799 apud
517 3729 728 3799 lexicographos
747 3745 840 3784 omnes
860 3729 992 3784 invenies.
1012 3760 1048 3770 -
1066 3723 1248 3800 συρβάβυττα
1265 3728 1391 3785 Koekius

224 3820 294 3875 falso
308 3820 344 3874 ad
356 3819 572 3889 Aristophanem
586 3818 721 3874 comicum
734 3818 850 3874 rettulit.
869 3818 916 3874 Fr.
931 3818 992 3874 866.
1007 3819 1068 3874 877.
1082 3817 1168 3887 igitur
1181 3817 1303 3873 delenda
1316 3824 1390 3874 sunt.

269 3909 329 3964 436.
348 3908 437 3964 Locus
457 3924 491 3963 ex
509 3908 741 3977 Aristophane
759 3908 925 3977 Byzantio
943 3908 1077 3963 deductus
1096 3910 1147 3973 est,
1166 3904 1201 3961 oi.
1214 3905 1288 3961 Ptol.
1305 3923 1332 3976 p.
1345 3906 1389 3963 53.

315 3999 334 4062 1)
353 3996 393 4052 Gi.
412 3998 512 4064 941,1.
532 3998 591 4064 771,
611 3997 653 4051 59.
673 4013 713 4065 sq.
732 4026 767 4035 —
785 3996 863 4052 Phot.
883 3997 957 4053 Suid.
977 3997 1041 4051 Hes.
1060 3996 1128 4050 Lex.
1141 3994 1389 4061 noannoeane.

224 4086 268 4140 Et.
288 4087 326 4139 Μ.
346 4088 405 4151 751,
424 4087 468 4140 37.
487 4085 556 4141 Gud.
575 4086 636 4151 525,
656 4086 699 4140 18.

315 4176 336 4245 1)
355 4174 435 4229 Gonv.
455 4175 534 4241 Hes,
559 4173 593 4229 cf.
613 4174 687 4230 Suid.
707 4175 752 4228 Et.
772 4174 810 4229 M.
829 4175 891 4242 445,
915 4175 940 4228 9.
960 4174 1029 4229 Gud.
1049 4174 1111 4240 257,
1134 4173 1177 4226 18.
1214 4172 1258 4227 De
1277 4170 1391 4225 Telchi-

223 4264 304 4318 nibus
332 4270 361 4317 et
383 4264 446 4318 aliis
471 4263 613 4319 vocabulis
637 4263 672 4318 ab
696 4264 737 4318 eis
761 4263 893 4318 derivatis
921 4263 956 4318 cf.
979 4262 1125 4319 Prellwita.
1150 4261 1178 4316 in
1201 4260 1389 4329 Bezzenberg.

222 4351 308 4407 Beitr.
328 4352 387 4407 XV.
407 4370 433 4421 p.
455 4354 505 4408 148
525 4368 565 4422 sq.
