3000 5040
252 1140 447 1216 Eustathius,
465 1140 628 1224 episcopus
642 1139 937 1217 Thessalonicensis,
951 1162 1022 1205 cum
1038 1141 1333 1206 commentariorum

164 1248 277 1312 molem
295 1248 382 1313 illam
401 1248 570 1330 ingentem,
589 1268 670 1330 quae
684 1248 896 1337 Παρεκβολαὶ
915 1245 961 1323 εἰς
978 1239 1040 1332 τὴν
1054 1239 1196 1334 Ὁμήρου
1214 1240 1334 1312 Ἰλιάδα

164 1356 220 1418 καὶ
243 1347 434 1420 Ὀδύσσειαν
457 1359 595 1430 1111111,
618 1361 828 1438 componeret,
851 1376 922 1418 cum
944 1355 1059 1418 multos
1082 1355 1161 1420 alios
1179 1361 1333 1432 auctores,

164 1484 298 1545 quorum
313 1483 410 1544 opera
423 1461 527 1526 adhuc
541 1465 676 1538 exstant,
694 1461 842 1526 adhibuit
859 1468 896 1525 11
913 1460 1109 1538 Strabonem,
1127 1462 1334 1539 Athenaeum,

165 1569 361 1652 Stephanum
383 1569 571 1652 Byzantium
594 1569 686 1645 alios,
713 1574 781 1633 tum
804 1574 948 1634 auctores
970 1570 1125 1652 imprimis
1148 1572 1333 1653 grammati-

165 1699 217 1742 cos
241 1677 402 1759 expilavit,
429 1697 564 1759 quorum
592 1676 769 1741 doctrinam
795 1677 847 1740 vix
874 1676 1001 1741 aliunde
1028 1676 1119 1742 nobis
1147 1698 1334 1759 cognoscere

165 1785 284 1860 liceret,
301 1785 364 1847 nisi
383 1783 450 1866 ipse
468 1784 577 1849 sedulo
596 1785 724 1848 nomina
742 1805 850 1848 eorum
868 1784 1070 1867 appinxisset.
1107 1785 1212 1867 Atque
1230 1807 1334 1869 gram-

165 1891 273 1955 matici
297 1891 423 1974 quidem
450 1891 497 1953 illi
524 1891 598 1954 inde
626 1890 666 1954 ab
694 1890 906 1974 Aristophane
933 1891 1086 1974 Byzantio
1114 1893 1243 1976 eiusque
1271 1894 1335 1959 dis-

166 1998 278 2081 cipulis
296 2019 395 2080 usque
413 1999 455 2061 ad
472 1998 629 2080 aequales,
648 1996 777 2062 Suidam
796 2002 828 2062 et
846 1998 1069 2082 Etymologum
1087 1999 1245 2082 Magnum,
1268 2006 1336 2065 tam

166 2125 260 2188 saepe
283 2104 324 2169 ab
347 2104 515 2169 Eustathio
538 2105 571 2168 in
594 2111 701 2187 partes
724 2109 888 2180 vocantur,
916 2111 982 2169 tarn
1005 2107 1133 2188 egregia
1161 2112 1192 2170 11
1215 2107 1255 2171 ad
1279 2128 1336 2171 11-

167 2216 266 2277 stram
293 2212 503 2294 cognitionem
531 2212 623 2275 utilia
649 2211 828 2295 proferunt,
856 2217 892 2275 ut
919 2233 995 2277 sane
1023 2213 1160 2289 mireris,
1187 2236 1242 2278 cur
1269 2219 1336 2278 tam

166 2340 240 2383 raro
271 2317 425 2401 philologi
452 2320 493 2383 ad
519 2319 682 2383 Eustathii
709 2320 826 2384 scrinia
852 2319 1023 2401 aperienda
1051 2327 1082 2384 et
1109 2321 1236 2385 divitias
1265 2307 1337 2385 illas

166 2425 287 2508 publici
318 2427 396 2490 iuris
423 2425 584 2490 faciendas
611 2427 808 2491 accesserint.
854 2424 957 2491 Causa
983 2426 1100 2510 triplex
1127 2432 1182 2491 est.
1228 2427 1336 2492 Editio

167 2534 265 2609 enim,
297 2553 360 2616 qua
390 2533 509 2597 utimur
539 2533 721 2609 1111111111,
753 2531 954 2597 Stallbaumii
981 2533 1110 2597 minime
1142 2535 1231 2598 11111
1258 2534 1337 2598 artis

168 2641 298 2704 criticae
321 2641 434 2705 nititur
457 2639 620 2706 subsidiis:
644 2662 715 2705 cum
733 2640 811 2704 11111
828 2639 963 2704 haberet
982 2640 1141 2723 exemplar
1159 2641 1336 2706 Romanum

169 2749 267 2830 sequi,
289 2768 380 2812 nemo
403 2747 498 2811 hodie
521 2752 579 2824 est,
602 2748 665 2831 qui,
688 2748 795 2831 quales
814 2753 891 2829 quot
913 2747 970 2812 ubi
992 2748 1115 2812 codices
1133 2748 1338 2814 Eustathiani

168 2854 298 2931 lateant,
312 2859 457 2919 accurate
472 2854 650 2919 describere
664 2855 773 2938 possit.
787 2855 961 2919 —Deinde
976 2855 1080 2919 editor
1094 2876 1243 2920 conamen
1257 2857 1337 2921 illud

171 2982 278 3025 omnes
304 2961 388 3027 locos
416 2964 529 3026 citatos
557 2963 598 3027 ad
625 2968 787 3026 auctorem
813 2961 970 3027 referendi
998 2961 1163 3048 (conamen
1187 2984 1337 3028 111111-

170 3069 256 3132 mine
278 3067 395 3133 laboris
413 3069 561 3133 Herculei
585 3069 730 3153 dignum)
752 3069 888 3133 remisit:
912 3090 1014 3151 neque
1037 3076 1093 3146 est,
1116 3091 1172 3134 cur
1193 3071 1337 3154 indigne-

171 3197 253 3252 mur,
281 3177 341 3240 etsi
363 3176 564 3241 vehementer
587 3177 707 3253 doleas,
731 3178 814 3260 quod
837 3176 1064 3260 posterioribus
1087 3177 1148 3241 hoc
1171 3198 1248 3261 opus
1271 3183 1338 3242 tae-

172 3283 217 3348 dii
240 3283 368 3366 plenum
390 3290 500 3349 auctor
523 3283 695 3348 remiserit:
718 3306 781 3348 non
805 3284 887 3348 enim
910 3284 1014 3348 adhuc
1035 3283 1155 3349 scholia
1172 3285 1340 3350 Homerica

171 3392 255 3473 aptis
293 3389 485 3455 editionibus
521 3397 647 3474 praesto
684 3398 787 3456 erant:
827 3391 907 3455 nihil
943 3392 1021 3456 certi
1057 3392 1097 3456 de
1128 3391 1340 3475 Aristophane

171 3497 334 3580 Byzantio,
353 3498 497 3581 Didymo,
516 3498 555 3561 de
570 3498 726 3581 Hesychio
746 3504 778 3562 et
796 3498 868 3562 aliis
886 3498 1059 3563 constabat.
1078 3537 1121 3546 -
1140 3499 1248 3564 Tertia
1266 3520 1339 3565 vero

173 3626 276 3681 causa,
299 3626 355 3669 cur
378 3611 444 3670 tam
468 3604 605 3670 difficilis
623 3607 665 3671 sit
683 3606 789 3671 aditus
808 3607 912 3689 operis
932 3606 1143 3684 Eustathiani,
1165 3607 1199 3670 in
1222 3627 1259 3671 eo
1282 3627 1339 3690 po-

172 3713 268 3789 nitur,
282 3713 366 3795 quod
381 3713 513 3777 editioni
528 3712 683 3796 Lipsiensi
697 3715 792 3777 index
805 3714 1000 3778 Devarianus
1015 3714 1157 3779 adiectus
1172 3719 1228 3790 est,
1248 3736 1340 3797 quem

173 3820 347 3884 innumeris
378 3821 500 3885 mendis
528 3827 649 3886 scatere
676 3821 759 3884 11111
787 3842 894 3886 omnes
922 3825 1054 3886 constat.
1100 3821 1169 3899 Quo
1201 3808 1341 3898 accessit,

174 3947 244 3990 cum
272 3932 383 3992 auctor
406 3949 484 4010 opus
506 3927 725 4011 imperfectum
752 3928 943 4010 reliquisset,
971 3929 1055 4010 quod
1083 3928 1233 3993 nomina
1260 3949 1341 4011 quae

174 4039 326 4098 vocantur
348 4034 506 4117 propria
527 4035 621 4117 plane
644 4034 774 4112 absunt,
802 4037 887 4117 quod
910 4035 1023 4099 index
1046 4037 1276 4123 auctoruml)
1299 4036 1340 4100 ab

247 4249 267 4311 ¹)
287 4248 402 4302 Minime
428 4264 462 4302 ea
486 4247 639 4314 sufficiunt,
665 4265 735 4317 quae
758 4249 787 4302 in
811 4249 934 4303 Fabricii
956 4248 1130 4303 Bibliotheca
1152 4249 1213 4303 Vol.
1233 4250 1253 4303 Ι.
1278 4265 1340 4318 pro·

175 4333 313 4390 teruntur:
342 4341 373 4391 ut
392 4340 441 4391 hos
464 4338 535 4392 solos
558 4338 586 4391 in
610 4343 703 4407 partes
723 4355 862 4406 uocemue,
882 4339 1068 4393 atticistarum
1093 4338 1253 4408 fragmentis
1277 4340 1340 4408 plus
1363 4417 1395 4475 Q

1115 4429 1129 4482 1
1327 4442 1367 4496 cg't
