3000 5040
720 238 762 308 84

155 403 325 470 ignorantur.
360 399 454 454 Donec
473 399 580 454 certis
604 400 740 470 exemplis
763 400 974 470 lexicographos
993 399 1063 455 talia
1080 397 1262 469 praemisisse
1282 399 1328 455 de·

155 493 334 554 monstretur,
360 489 436 556 sequi
461 504 516 542 non
541 487 699 557 poterimus.
737 488 845 543 Deinde
865 496 958 543 autom
976 487 1112 544 rationem
1130 489 1217 544 totius
1237 488 1329 558 oporia

155 579 238 647 plene
258 578 342 633 aliam
362 576 447 630 fuisso
471 581 554 644 atque
574 577 606 632 U.
627 577 681 631 sibi
707 576 800 642 finxit,
825 576 997 631 confidenter
1019 575 1134 630 affirmo.
1172 577 1237 632 Nou
1256 578 1328 632 enim

154 665 256 720 librum
276 666 448 735 conscripsit,
467 669 499 720 ut
517 681 579 720 cum
598 666 767 720 amatoribus
783 666 917 721 sermonis
936 663 1054 720 obsoleti
1073 669 1102 719 et
1119 665 1233 721 obscuri
1251 669 1328 735 (qua-

156 755 212 809 lem
231 754 422 823 Lexiphanem
441 770 502 808 osse
522 754 691 820 memineris)
709 759 861 824 pugnaret,
885 756 936 809 sed
953 758 985 808 ut
1003 769 1084 808 voces
1103 753 1283 809 oblitteratas
1301 757 1330 808 et

155 859 221 897 vere
245 843 346 898 atticas
370 844 488 911 ideoque
512 844 669 898 hominibus
693 843 828 912 sequioris
852 843 953 898 aetatis
977 843 1037 896 fere
1056 842 1165 912 ignotas
1184 845 1330 898 revocaret

157 931 245 985 etita
264 932 355 985 studio
370 931 587 986 atticissantium
606 936 788 987 succurreret.
802 963 837 972 -
856 934 988 987 Fortasse
1009 931 1093 986 etiam
1112 931 1170 986 alia
1189 947 1261 1000 quae
1281 932 1329 985 du·

156 1019 278 1073 bitanter
297 1021 387 1074 ordini
402 1021 437 1074 ad
453 1022 590 1074 elementa
610 1020 743 1089 disposito
762 1021 936 1086 inseruimus,
956 1037 991 1075 ox
1010 1019 1187 1090 praefatione
1207 1019 1328 1086 fuerunt,

156 1113 187 1160 ut
200 1123 223 1162 e.
237 1124 261 1176 g.
275 1108 308 1162 fr.
325 1110 383 1163 11⁸.
397 1108 429 1162 fr.
444 1110 486 1163 58.
500 1108 533 1163 ir.
547 1110 607 1164 153.
621 1108 655 1164 fr.
668 1110 728 1164 298.
753 1109 956 1164 Grammaticas
968 1109 1096 1178 inprimis
1111 1109 1330 1174 observationes,

156 1195 210 1249 etsi
229 1213 246 1250 a
259 1196 374 1251 consilio
389 1192 497 1261 τάξεως
511 1202 692 1266 στοιχειακῆς
706 1214 760 1252 non
775 1197 868 1253 aliena
881 1198 1002 1266 fuerunt,
1021 1196 1056 1252 ci.
1069 1196 1103 1252 ir.
1116 1199 1188 1264 217„
1204 1196 1237 1252 in
1251 1213 1329 1267 proe-

156 1283 211 1338 mio
230 1285 329 1340 melius
348 1286 488 1340 absolutas
507 1285 593 1340 fuisse
612 1287 776 1356 putaverim.
