3000 5040
732 251 774 316 97

164 406 354 496 στρογγύλα
381 411 438 475 καὶ
467 405 682 476 δυσκάτακτα
712 402 836 495 ὄσπρια
846 408 887 496 ¹),
915 407 1031 494 φέρων
1054 411 1249 496 καὶχρῆσιν
1276 414 1336 475 Φε-

164 512 353 604 ρεκράτους
374 512 501 603 ταύτην
524 515 577 604 (fr.
599 517 661 582 188
685 515 790 603 Koolr)

328 619 487 707 κυάμους,
511 629 634 709 φακῆν,
658 614 756 704 ζειάς,
779 621 884 708 αίρας,
908 615 1102 699 άκεάννους.

259 731 310 795 29.
342 730 461 795 Eueta
466 729 516 794 tn
533 752 563 813 p
586 729 681 806 6147,
700 729 752 794 57.
785 720 1006 816 (ἀκέσασθαι)
1031 727 1182 814 δηλοῖ
1147 751 1274 813 μεν-
1297 720 1338 795 τὸ

165 832 340 918 ἰάσασθαι,
363 837 515 960 σημαίνει
538 835 681 901 δέποτε
704 826 823 901 καὶτὸ
848 829 965 919 ῥάψαι·
998 839 1113 915 λαβεῖν
1138 835 1254 919 μέντοι
1276 826 1339 922 την
1366 860 1379 900 ε

166 943 260 1026 λέξιν
284 935 360 1008 άντὶ
382 949 444 1008 τοῦ
467 932 674 1029 ἠπήσασθαι,
698 933 783 1008 ὅθεν
806 936 892 1006 κατά
915 963 1010 1018 τινας
1032 943 1089 1006 καὶ
1113 933 1302 1027 οἷκέστρια
1312 941 1339 1028 1)

165 1043 187 1138 ἡ
211 1043 357 1138 ἦπήτρια
380 1049 442 1137 (ed.
462 1041 575 1135 ἦτρία)
598 1049 655 1113 καὶ
678 1039 894 1132 άκέστριον
916 1039 956 1113 τὸ
980 1039 1176 1134 ηπητήριον,
1200 1040 1264 1113 οὐκ
1283 1039 1339 1171 ὄρ-

165 1164 243 1235 θῶς
270 1154 344 1241 ἔχει.
378 1157 459 1242 φησί
484 1161 569 1240 γοῦν
593 1154 733 1233 Αίλιος
755 1150 979 1232 Διονύσιος·
1013 1147 1241 1240 άκέστριαν·
1275 1146 1339 1220 οὐκ

165 1256 348 1351 ἧπήτριαν·
372 1261 570 1348 Μένανδρος
592 1261 644 1349 (fr.
666 1263 739 1327 863.
759 1262 832 1327 864.
851 1261 954 1346 Kook)

327 1368 522 1451 έξακεϊσθαί
543 1391 601 1453 μοι
625 1369 717 1434 δοκοῦ
739 1359 780 1434 τὸ
805 1369 944 1433 δίκτυον
1352 1393 1378 1432 ro

168 1477 226 1541 καὶ
252 1471 406 1560 ,ἱμάτιον
434 1470 673 1560 έξακούμεθα11.
706 1466 746 1540 τὸ
776 1474 812 1539 δὲ
839 1466 1035 1561 ἠπὴσασθαι
1058 1478 1234 1552 παντελῶς
1257 1490 1339 1560 φησι

167 1577 347 1668 βάρβαρον.
372 1581 621 1666 συμφθέγγεται
640 1581 675 1647 δὲ
693 1587 744 1666 τῷ
762 1582 928 1666 Διονυσίῳ
947 1572 1038 1645 καὶ
1022 1605 1042 1666 η
1062 1575 1236 1704 ρυνὴθεια,
1254 1573 1339 1666 παρ>

167 1680 280 1772 ᾑτό,
280 1689 438 1773 ,σουβλίῳ
461 1694 604 1774 τρυπᾶν1
605 1680 777 1775 1ἠπᾶν1)
800 1687 938 1773 λέγεται.
962 1687 1018 1752 καί
1041 1678 1081 1752 τὸ
1105 1694 1163 1773 τῆς
1185 1681 1340 1775 ἦπήσεως

170 1789 317 1881 ὄργανον
339 1787 536 1882 ἦπητήριον.

259 1903 311 1968 30.
342 1902 516 1967 Eustath.
534 1925 564 1985 p.
586 1901 680 1978 1817,
698 1901 751 1965 46.
783 1895 926 1977 παλαιός
948 1924 999 1978 τις
1021 1897 1153 1986 φράζει·
1178 1894 1337 1982 άκολος,
1352 1924 1378 1965 1⁵

167 2000 287 2094 μικρὸς
317 1999 450 2094 papie,
481 2007 597 2095 μηκέτι
614 2003 832 2082 κολούεσθαι
860 2003 1044 2091 δυνάμενος
1076 2009 1133 2073 καί
1165 2008 1212 2086 είς
1238 2000 1339 2094 μικρὰ

167 2114 353 2199 τέμνεσθαι
362 2116 399 2202 1).
417 2121 559 2180 τοιαῦτα
574 2114 611 2180 δέ
624 2137 700 2180 τινα
714 2105 826 2179 καὶτὰ
844 2106 948 2199 παρὰ
962 2115 1170 2204 Παυσανίᾳ
1188 2111 1339 2200 ψώθια,

168 2213 255 2308 άπερ
283 2213 489 2308 ὑπερόπται)
516 2221 552 2307 (l.
570 2213 867 2306 ὑπεροπτσμένων
895 2219 932 2285 of.
951 2220 1030 2286 Poll.
1050 2221 1119 2285 VII.
1139 2222 1197 2307 23)
1226 2216 1339 2308 ciperon

169 2327 234 2394 εἰσὶ
255 2323 470 2414 θραύσματα,
496 2319 518 2414 ἢ
540 2318 582 2393 τά
610 2319 773 2394 ὑποκάτω
795 2333 858 2393 τοῦ
887 2321 1039 2412 άρτου1).
1070 2317 1112 2391 τὰ
1141 2327 1177 2393 δὲ
1199 2335 1339 2394 τοιαῦτα

215 2506 259 2561 28.
280 2505 300 2571 1)
319 2503 454 2560 Convenit
475 2505 506 2558 Β.
525 2505 559 2558 Α.
578 2505 644 2572 371,
665 2505 689 2560 7.
709 2503 784 2559 Suid.
804 2508 833 2558 et
851 2504 916 2558 Her.
935 2519 1030 2559 vocem
1053 2499 1244 2568 ὀξυτονοῦσιυ.
1272 2505 1338 2560 Hes.

168 2595 239 2648 duaa
257 2591 365 2662 profert
383 2591 597 2662 explicationes:
617 2588 743 2647 ἄκεανοί.
764 2587 791 2646 οἱ
809 2589 863 2659 μὲν
877 2587 912 2646 τὰ
932 2587 964 2646 ἐν
976 2599 1036 2656 τοῖς
1049 2598 1153 2661 φακοῖς
1168 2588 1338 2663 στρογγύλα,

168 2678 198 2736 oi
216 2679 248 2736 δὲ
266 2679 382 2752 σπέρμα
401 2677 453 2750 οὐχ
472 2675 617 2750 ἑψόμενον
640 2675 706 2735 οὐδὲ
726 2675 932 2751 διαιρούμενον.
970 2682 1016 2735 Et.
1034 2682 1072 2734 M.
1092 2681 1140 2747 46,
1160 2681 1194 2735 14
1218 2697 1279 2735 oum
1298 2681 1339 2736 eis

169 2770 319 2840 conspirat,
339 2786 410 2839 quae
429 2769 506 2824 Aelii
524 2769 643 2839 glossam
663 2771 843 2824 antecedunt:
864 2765 986 2832 ἀκέανος
1004 2761 1079 2833 εἶδος
1097 2765 1219 2840 ὀσπρίου
1239 2758 1339 2837 ὅμοιον

168 2862 259 2928 φακῇ.
278 2853 357 2930 παρὰ
374 2853 407 2912 τὸ
423 2855 548 2929 σκληρὸν
566 2859 615 2912 καί
630 2850 787 2912 άθλαστον.
807 2853 881 2911 κατὰ
900 2855 1035 2927 στέρησιν
1048 2861 1099 2912 τοῦ
1115 2853 1227 2922 κεάσαι,
1247 2847 1266 2913 6'
1277 2854 1339 2913 έστι

169 2951 306 3018 θραῦσαι.
326 2937 413 3015 (οὕτω
432 2942 581 3011 Μεθόδιος
599 2963 653 3002 seo.
674 2949 733 3002 eod.
752 2948 825 3001 Flor.
846 2962 889 3014 ap.
909 2946 980 3000 Mill.
1000 2947 1065 3001 Mel.
1086 2949 1138 3014 18).

216 3037 260 3091 29.
281 3036 301 3105 ¹)
319 3036 481 3090 Doctrinam
505 3036 646 3091 atticistae
670 3053 715 3104 ap.
734 3036 812 3089 Euat.
830 3035 904 3090 male
927 3035 1083 3090 ordinatam
1106 3041 1238 3106 repetunt
1259 3038 1338 3092 Phot.

169 3119 290 3193 ἦπητὴν.
308 3126 395 3180 Moer.
408 3141 435 3194 p.
449 3126 511 3193 192,
525 3125 551 3179 2.
564 3125 653 3179 Bekk.
672 3155 708 3164 -
726 3126 821 3180 Bonae
839 3123 928 3193 frugis
947 3127 1019 3192 sunt,
1040 3140 1111 3192 quae
1129 3126 1230 3196 Phryn.
1249 3143 1275 3195 p.
1296 3129 1338 3181 91.

169 3213 239 3267 Lob.
257 3212 378 3282 profert:
406 3207 529 3280 άκεστὴς
547 3209 678 3282 λέγουσιν
702 3209 729 3267 οἱ
747 3215 876 3276 παλαιοί,
902 3209 955 3267 οὐκ
973 3207 1088 3282 ἤπητής.
1119 3206 1180 3268 έστι
1197 3212 1251 3281 μὲν
1268 3210 1339 3283 ἦπή-

170 3303 281 3355 σασθαι
304 3291 381 3366 ἅπαξ
403 3296 475 3372 παρ’
493 3296 687 3372 Ἀριστοφάνει
707 3298 738 3356 έν
758 3302 945 3357 Δαιταλεῦσιν
968 3301 1011 3369 (fr.
1024 3303 1084 3357 227.
1098 3302 1187 3372 Kook)
1211 3303 1340 3370 παίζοντι

169 3385 221 3453 τὰς
234 3381 368 3444 Ἡσιόδου
383 3382 535 3458 ὑποθήκας
553 3392 602 3444 καί
615 3387 762 3453 ,κόσκινον
775 3385 963 3458 ἠπήσασθαί.
986 3386 1021 3444 σὺ
1040 3389 1071 3444 δὲ
1089 3388 1156 3460 λέγε
1175 3387 1340 3445 ἀκέσασθαι

170 3472 204 3532 τὸ
224 3472 344 3544 ίμάτιον.
372 3478 424 3544 Ea,
443 3494 515 3547 quae
534 3479 563 3532 in
582 3480 630 3534 Ar.
649 3478 865 3534 Daetalensibus
884 3479 972 3533 allata
990 3483 1061 3545 aunt,
1081 3480 1204 3534 consulto
1223 3496 1259 3534 ex
1276 3480 1339 3534 bar·

169 3565 301 3620 batorum
324 3566 523 3621 consuetudine
551 3583 568 3620 a
595 3573 679 3636 poeta
707 3567 918 3650 adhibebantur.
956 3567 1105 3622 Sartrioem
1132 3569 1207 3637 apud
1230 3575 1340 3622 veteres

170 3647 328 3724 άκέστριαν
346 3654 485 3724 appellari
504 3661 643 3709 testantur
660 3655 730 3711 Poll.
743 3656 803 3711 VII.
818 3657 861 3710 42.
885 3658 915 3710 B.
931 3658 965 3710 A
979 3657 1040 3718 354,
1054 3657 1095 3710 15.
1119 3656 1247 3710 Eustath.
1261 3658 1339 3725 1764,

171 3741 214 3796 60.
227 3741 303 3796 Suid.
316 3759 337 3797 r.
351 3760 376 3797 v.
390 3739 522 3814 η’πήτρια.
536 3744 612 3798 Erot.
626 3761 652 3812 p.
666 3746 709 3808 48,
724 3746 765 3798 12.
779 3744 870 3798 Klein.
884 3746 929 3798 Et.
943 3746 983 3799 Μ
997 3746 1040 3809 46,
1051 3745 1076 3798 3.
1089 3746 1133 3812 51,
1148 3745 1190 3798 47.
1204 3745 1258 3814 (Et.
1270 3745 1340 3800 (iud.

170 3831 220 3896 27,
236 3830 279 3885 48.
300 3855 335 3876 =
357 3831 401 3885 Et.
421 3831 467 3886 Or.
486 3834 534 3900 12,
552 3833 577 3886 5.
601 3827 757 3902 ἅκέστριαν
774 3858 809 3877 =
828 3833 972 3887 sartrioem
992 3832 1139 3901 praebent,
1163 3834 1213 3886 sed
1232 3849 1266 3887 ex
1285 3834 1340 3888 alio

171 3916 248 3972 fonte
267 3920 433 3989 hauserunt,
458 3937 520 3975 oum
538 3920 569 3974 in
586 3921 632 3975 Et.
647 3922 716 3976 Gud.
731 3928 884 3990 sequantur
902 3921 988 3976 verba
1007 3909 1097 3984 οὕτως
1116 3910 1202 3992 εὗρον
1221 3917 1253 3976 ἐν
1271 3915 1340 3976 ὑπο-

171 3999 296 4074 μνήματι
315 4010 365 4076 τῆς
381 4004 514 4078 Ἰλιάδος).

263 4095 284 4163 ¹)
303 4097 380 4164 Quae
399 4097 544 4166 episeopus
564 4113 599 4152 ex
618 4097 692 4152 Suid.
707 4114 728 4151 a.
742 4114 766 4151 v.
780 4092 905 4167 ἠπήτρια
924 4097 1079 4152 detraxisse
1098 4098 1216 4153 videtur.

216 4184 260 4238 30.
279 4185 302 4251 ¹)
321 4185 403 4240 conv.
417 4186 461 4240 Et.
471 4187 508 4240 M.
519 4189 563 4254 50,
577 4188 619 4241 14.
635 4187 679 4239 Et.
691 4186 759 4240 Gud.
771 4189 815 4253 27,
830 4189 853 4240 l.
868 4185 916 4239 ubi
929 4180 1104 4240 κολούεσθαι
1117 4202 1167 4255 pro
1181 4183 1341 4243 κυλίεσθαι

173 4271 366 4341 corrigendum
385 4279 436 4328 eat.
459 4274 503 4328 Ex
520 4279 601 4344 parte
620 4291 696 4330 conv.
716 4274 791 4329 Suid.
804 4305 840 4314 -
859 4275 960 4344 Inepta
978 4275 1044 4329 Hes.
1063 4274 1178 4344 profert.

263 4361 283 4428 1)
302 4360 337 4416 of.
356 4361 426 4416 Poll.
444 4363 505 4417 VII.
525 4365 560 4419 23
578 4364 627 4419 IX.
647 4365 689 4419 83.
727 4363 826 4420 Totam
845 4363 1000 4420 Pausaniae
1023 4364 1239 4434 explicationem
1261 4381 1341 4435 prae-
