3000 5040
434 1071 619 1154 Addeuda
646 1074 685 1154 et
712 1071 947 1172 corrigenda.

195 1304 240 1358 Ad
258 1322 284 1373 p.
300 1305 323 1358 1.
352 1303 462 1369 Ultima,
483 1317 554 1372 quae
573 1304 608 1356 de
621 1302 761 1357 Eustathii
779 1301 919 1357 codicibus
938 1302 1015 1356 nohis
1035 1303 1141 1358 tradita
1159 1308 1223 1357 sunt
1243 1307 1273 1357 et

108 1393 299 1460 innotuerunt,
328 1391 507 1447 inveniuntur
528 1393 559 1447 in
581 1391 759 1446 Eustathii
782 1391 1032 1447 commentariis
1055 1393 1090 1446 in
1113 1391 1271 1456 Iliadem,

108 1498 164 1538 rec.
178 1481 265 1537 latine
277 1483 363 1536 vertit
372 1481 569 1536 Alexander
580 1481 725 1545 Politus,
738 1479 900 1534 Florentiae
912 1481 988 1535 1730.
1002 1480 1053 1534 vol.
1068 1482 1087 1534 I.
1098 1497 1124 1548 p.
1136 1481 1208 1534 VIII.
1221 1498 1271 1548 sq,

111 1571 146 1626 cf.
165 1570 232 1627 ibid.
249 1588 276 1640 p.
296 1571 449 1640 XXXl.sq.
478 1569 633 1625 Dolendum
653 1573 708 1634 est,
732 1571 804 1638 quod
827 1584 895 1638 opus
915 1569 1101 1624 doctissimum
1120 1584 1174 1623 non
1193 1569 1272 1637 quin·

111 1676 165 1730 que
183 1659 305 1730 priorum
323 1659 419 1714 lliadis
439 1657 588 1714 carminum
613 1658 746 1712 ambitum
765 1657 893 1712 excessit.
912 1689 947 1696 -
966 1657 1110 1712 Harlesius
1128 1657 1157 1711 in
1175 1657 1272 1713 Fabri·

110 1747 148 1802 cii
167 1747 338 1804 bibliotheca
354 1763 445 1817 graec.
460 1749 481 1802 l.
494 1765 521 1816 p.
535 1748 595 1802 392.
615 1747 777 1816 plerumque
796 1746 871 1801 illius
890 1745 981 1815 operis
1000 1746 1179 1802 fundamento
1196 1747 1273 1802 nisus

110 1836 279 1906 paucissima
297 1840 404 1892 mutum
423 1853 458 1890 ex
476 1835 707 1891 bibliothecarum
727 1834 860 1903 catalogis
879 1834 989 1890 adiecit.
1008 1866 1044 1875 —

198 1926 243 1980 Ad
263 1943 291 1995 p.
310 1929 336 1980 2.
373 1927 473 1981 Cetera
495 1927 528 1980 A.
552 1925 678 1995 Dionysii
701 1925 819 1994 scripta,
848 1941 918 1994 quae
942 1925 971 1980 in
993 1925 1060 1980 Aldi
1084 1925 1272 1995 Gomucopiae

110 2015 348 2082 circumferuntur,
372 2021 403 2070 ut
427 2014 524 2078 exilia,
548 2014 661 2069 minime
685 2031 746 2070 oum
773 2013 925 2069 lexioorum
944 2014 1067 2083 reliquiis
1086 2015 1273 2082 cohaerentia,

109 2105 243 2176 originem
270 2103 452 2174 posteriorem
480 2107 576 2172 aperte
599 2119 667 2173 prae
691 2119 720 2158 se
743 2103 864 2158 ferentia
891 2104 1071 2172 negleximus.
1107 2103 1195 2158 Recte
1217 2104 1273 2158 iam

109 2193 210 2249 Rindfl.
229 2212 255 2263 p.
276 2194 335 2248 114.
355 2193 390 2247 de
409 2192 445 2247 iis
463 2192 595 2247 iudicium
614 2192 690 2247 fecit.

200 2282 297 2337 Gohnii
320 2281 432 2336 libellus
455 2283 489 2336 de
512 2280 662 2335 Heraclide
686 2280 797 2336 Milesio
816 2281 1001 2336 Grammatico
1024 2281 1138 2350 eiusque
1161 2280 1273 2350 scriptis

109 2387 195 2441 agens
213 2371 353 2426 invenitur
371 2370 400 2424 in
418 2371 494 2426 Stud.
514 2371 621 2424 Berol.
641 2369 693 2424 vol.
713 2371 734 2424 l.
755 2388 780 2438 p.
800 2371 950 2425 603-718.

198 2461 243 2516 Ad
260 2478 286 2529 p.
306 2462 331 2515 t.
359 2461 401 2515 De
420 2459 511 2514 altera
529 2458 613 2514 lexici
630 2459 793 2530 Dionysiani
811 2458 986 2525 recensione,
1011 2475 1072 2513 cum
1091 2463 1148 2514 tam
1167 2458 1273 2528 exiguis

110 2558 139 2606 et
161 2550 276 2604 incertis
299 2553 406 2604 tantum
429 2554 538 2603 utamur
561 2547 694 2618 vestigiis,
720 2547 852 2602 iudicium
876 2548 1049 2618 supprimere
1077 2548 1185 2603 cautius
1213 2563 1273 2601 esse

110 2639 185 2695 duxi.
221 2639 360 2706 Nusquam
379 2637 483 2692 diserte
502 2637 672 2706 appellatur,
691 2637 746 2691 nisi
763 2637 793 2690 in
811 2637 844 2690 fr.
865 2638 951 2692 ista:
983 2652 1074 2705 neque
1092 2636 1176 2705 plane
1195 2636 1272 2690 abso-

110 2730 199 2783 lutum
218 2731 268 2793 ost,
287 2730 378 2782 utrum
391 2726 554 2781 Eustathius
567 2732 684 2796 utraque
699 2726 820 2780 editione
833 2742 897 2780 usus
911 2725 947 2780 sit
959 2741 1054 2780 neone.
1088 2725 1160 2779 Satis
1173 2723 1272 2790 habeo,

110 2823 142 2872 ut
159 2817 232 2872 locos
251 2816 314 2871 illos
333 2816 433 2871 iterum
452 2815 592 2885 appellem
611 2821 639 2868 et
657 2814 886 2870 examinaverim:

200 2909 226 2969 1)
250 2905 283 2960 ir.
308 2906 367 2960 162.
400 2905 495 2959 Priore
518 2905 608 2959 lexico
632 2901 744 2958 Ἐλαίαν
762 2904 893 2973 oppidum
912 2904 1039 2958 Italicum
1057 2902 1142 2956 luisse
1161 2905 1273 2956 conten·

110 2998 203 3061 derat,
227 2995 315 3050 altero
338 3010 396 3049 rem
419 2993 540 3049 correxit
558 2998 587 3047 et
604 2990 717 3047 Ἐλαίαν
735 2994 832 3047 urbem
850 2993 1006 3058 Aeolicam,
1030 2988 1125 3045 Ἐλέαν
1147 2990 1274 3045 italicam

110 3085 271 3154 appellavit
307 3084 366 3137 Hoc
395 3083 455 3137 loco
478 3082 533 3136 iam
557 3082 620 3136 ideo
648 3082 715 3136 mihi
738 3083 775 3136 ad
798 3083 916 3136 alteram
938 3080 1064 3152 Dionysii
1086 3079 1275 3134 recensionem

110 3174 252 3242 respicere
271 3173 416 3242 episcopus
431 3172 548 3237 videtur,
569 3171 640 3240 quod
659 3172 792 3226 Strabone
812 3170 841 3224 in
860 3170 1046 3225 testimonium
1065 3173 1162 3225 vocato
1181 3169 1275 3238 paullo

110 3269 174 3333 post
191 3261 294 3331 pergit:
319 3257 350 3316 ἐν
372 3260 402 3315 δὲ
426 3259 599 3333 ῥητορικῷ
623 3261 752 3332 λεξιαῷ
774 3257 960 3330 peperceral
979 3248 1023 3314 ὅτι
1043 3252 1138 3314 ἔλαιον
1156 3255 1208 3328 τὴν
1226 3252 1274 3330 ἄρ-

111 3370 181 3423 ρενα
204 3354 253 3404 καί
275 3346 377 3421 ἀγρίαν
400 3347 497 3404 ἐλαίαν
519 3352 607 3416 φασίν
626 3342 727 3413 Ἴωνες.
769 3349 921 3404 Tertium
949 3349 1034 3418 igitur
1056 3351 1136 3404 adest
1158 3349 1275 3413 lexicon,

110 3441 185 3495 haud
209 3441 291 3494 dubie
310 3440 477 3507 Pausaniae,
503 3455 582 3508 quem
608 3455 668 3492 cum
692 3437 783 3508 priore
803 3442 835 3493 A.
856 3438 980 3510 Dionysii
1000 3439 1091 3507 glossa
1109 3439 1193 3508 plane
1212 3454 1275 3492 con·

110 3529 262 3599 spirantem
281 3529 365 3583 vides.

199 3619 226 3685 2)
244 3616 277 3672 fr.
297 3619 357 3672 231.
386 3617 511 3672 κλεισίον
534 3621 563 3672 et
581 3616 700 3671 κλεισίαι
725 3633 760 3671 ex
779 3618 812 3671 A.
831 3615 963 3686 Dionysio
986 3616 1151 3680 afferuntur,
1175 3615 1275 3670 deinde

112 3724 176 3763 vero
194 3707 271 3762 Euat.
292 3706 394 3776 pergit:
415 3703 446 3760 ἐν
461 3704 550 3780 ἑτέρῳ
563 3704 595 3761 δὲ
608 3700 721 3776 γράφει,
742 3694 785 3760 ὅτι
804 3705 915 3759 κλισίαν
933 3707 992 3759 καλ.
1025 3705 1083 3773 Quo
1102 3720 1137 3758 ex
1155 3703 1214 3758 loco
1233 3703 1274 3756 ni-

112 3797 153 3851 hil
173 3795 242 3851 certi
261 3794 327 3850 elici
344 3811 424 3865 posse
443 3795 511 3848 mihi
529 3811 691 3865 persuasum
710 3798 766 3861 est,
786 3811 848 3848 cum
866 3793 990 3849 atticista
1009 3794 1044 3848 de
1063 3792 1173 3847 vocibus
1192 3792 1275 3861 plane

116 3884 233 3940 diversis
250 3890 324 3954 agat,
344 3901 412 3953 quas
433 3885 517 3940 etiam
537 3884 653 3939 diversis
671 3883 739 3938 locis
757 3882 785 3937 in
804 3882 894 3936 lexico
913 3899 961 3936 suo
980 3883 1017 3936 ad
1033 3883 1171 3936 elementa
1185 3881 1274 3950 dispo·

114 3974 166 4028 sito
184 3974 310 4043 proferre
330 3974 433 4029 debuit.

183 4064 209 4129 3)
227 4063 329 4117 Melius
348 4079 392 4117 res
411 4063 494 4117 cessit
512 4062 541 4116 in
560 4061 594 4116 ir.
607 4063 677 4129 325,
701 4060 749 4116 ubi
767 4061 839 4115 duae
857 4060 965 4128 glossae
986 4061 1024 4114 ad
1039 4065 1185 4129 χορταῖας,
1206 4075 1276 4128 quae

113 4155 209 4222 aperte
229 4167 263 4207 ex
281 4155 315 4206 A.
334 4151 465 4222 Dionysio
483 4150 647 4223 prodiemnt
664 4149 709 4216 (of.
727 4153 784 4204 not.
803 4149 848 4218 6.),
868 4149 904 4204 ab
923 4148 1053 4218 episcopo
1072 4153 1276 4202 enumerantur.

112 4243 236 4297 Fortuna
258 4240 353 4296 inuida
375 4247 470 4296 autem
493 4240 597 4296 factum
621 4245 677 4306 est,
699 4244 731 4294 ut
748 4238 841 4294 Photii
863 4237 999 4309 imprimis
1023 4236 1132 4292 lexicon
1150 4235 1199 4291 illo
1217 4235 1276 4291 loco

113 4329 226 4387 deficiat
243 4330 414 4405 ideoque'ex
432 4330 481 4386 illo
499 4329 560 4386 loco
579 4328 705 4399 intellegi
720 4343 774 4384 non
788 4333 879 4399 queat,
899 4331 990 4382 utrum
1009 4326 1101 4398 glossa
1119 4325 1223 4396 duplex
1241 4324 1276 4380 ad
