<?xml version="1.0" encoding="UTF-8"?>
<!DOCTYPE html PUBLIC "-//W3C//DTD XHTML 1.0 Transitional//EN"
    "http://www.w3.org/TR/xhtml1/DTD/xhtml1-transitional.dtd">
<html xmlns="http://www.w3.org/1999/xhtml" xml:lang="en" lang="en">
 <head>
  <title>
</title>
<meta http-equiv="Content-Type" content="text/html;charset=utf-8" />
  <meta name='ocr-system' content='tesseract 3.04.00' />
  <meta name='ocr-capabilities' content='ocr_page ocr_carea ocr_par ocr_line ocrx_word'/>
</head>
<body>
  <div class='ocr_page' id='page_1' title='image "./aeliidionysiiet00pausgoog_0012.png"; bbox 0 0 3000 5040; ppageno 0'>
   <div class='ocr_carea' id='block_1_1' title="bbox 395 918 419 954">
    <p class='ocr_par' dir='ltr' id='par_1_1' title="bbox 395 918 419 954">
     <span class='ocr_line' id='line_1_1' title="bbox 395 918 419 954; baseline 0.083 -2"><span class='ocrx_word' id='word_1_1' title='bbox 395 918 419 954; x_wconf 73' lang='lat' dir='ltr'>bl</span> 
     </span>
    </p>
   </div>
   <div class='ocr_carea' id='block_1_2' title="bbox 165 969 1334 1789">
    <p class='ocr_par' dir='ltr' id='par_1_2' title="bbox 165 969 1334 1789">
     <span class='ocr_line' id='line_1_2' title="bbox 218 969 329 1036; baseline 0.018 -2"><span class='ocrx_word' id='word_1_2' title='bbox 218 969 329 1036; x_wconf 71' lang='grc' dir='ltr'>88Ἷῖ</span> 
     </span>
     <span class='ocr_line' id='line_1_3' title="bbox 255 1077 1331 1163; baseline -0.002 -20"><span class='ocrx_word' id='word_1_3' title='bbox 255 1079 338 1144; x_wconf 79' lang='lat' dir='ltr'>Aelii</span> <span class='ocrx_word' id='word_1_4' title='bbox 362 1078 504 1163; x_wconf 85' lang='lat' dir='ltr'>Dionysii</span> <span class='ocrx_word' id='word_1_5' title='bbox 528 1085 560 1144; x_wconf 91' lang='lat' dir='ltr'>et</span> <span class='ocrx_word' id='word_1_6' title='bbox 584 1078 759 1145; x_wconf 82' lang='lat' dir='ltr'>Pausaniae</span> <span class='ocrx_word' id='word_1_7' title='bbox 782 1078 994 1144; x_wconf 89' lang='lat' dir='ltr'>atticistarum</span> <span class='ocrx_word' id='word_1_8' title='bbox 1017 1077 1194 1160; x_wconf 88' lang='lat' dir='ltr'>fragmenta</span> <span class='ocrx_word' id='word_1_9' title='bbox 1215 1097 1331 1160; x_wconf 90' lang='lat' dir='ltr'>propo·</span> 
     </span>
     <span class='ocr_line' id='line_1_4' title="bbox 165 1200 1333 1287; baseline -0.003 -20"><span class='ocrx_word' id='word_1_10' title='bbox 165 1203 254 1269; x_wconf 82' lang='lat' dir='ltr'>nenti</span> <span class='ocrx_word' id='word_1_11' title='bbox 271 1202 359 1280; x_wconf 92' lang='lat' dir='ltr'>mihi,</span> <span class='ocrx_word' id='word_1_12' title='bbox 372 1209 409 1268; x_wconf 91' lang='lat' dir='ltr'>ut</span> <span class='ocrx_word' id='word_1_13' title='bbox 424 1203 515 1269; x_wconf 86' lang='lat' dir='ltr'>venia</span> <span class='ocrx_word' id='word_1_14' title='bbox 533 1203 703 1280; x_wconf 82' lang='lat' dir='ltr'>tribuatur,</span> <span class='ocrx_word' id='word_1_15' title='bbox 720 1202 866 1287; x_wconf 90' lang='lat' dir='ltr'>pluribus</span> <span class='ocrx_word' id='word_1_16' title='bbox 880 1203 1036 1268; x_wconf 87' lang='lat' dir='ltr'>decausis</span> <span class='ocrx_word' id='word_1_17' title='bbox 1051 1200 1262 1285; x_wconf 84' lang='lat' dir='ltr'>exoptandum</span> <span class='ocrx_word' id='word_1_18' title='bbox 1276 1205 1333 1266; x_wconf 88' lang='lat' dir='ltr'>est.</span> 
     </span>
     <span class='ocr_line' id='line_1_5' title="bbox 253 1326 1333 1412; baseline -0.002 -19"><span class='ocrx_word' id='word_1_19' title='bbox 253 1329 438 1411; x_wconf 79' lang='lat' dir='ltr'>Quicunque</span> <span class='ocrx_word' id='word_1_20' title='bbox 465 1329 548 1394; x_wconf 91' lang='lat' dir='ltr'>enim</span> <span class='ocrx_word' id='word_1_21' title='bbox 575 1329 615 1394; x_wconf 87' lang='lat' dir='ltr'>ad</span> <span class='ocrx_word' id='word_1_22' title='bbox 645 1327 868 1412; x_wconf 87' lang='lat' dir='ltr'>grammaticos</span> <span class='ocrx_word' id='word_1_23' title='bbox 897 1328 1034 1394; x_wconf 89' lang='lat' dir='ltr'>Graecos</span> <span class='ocrx_word' id='word_1_24' title='bbox 1066 1326 1249 1391; x_wconf 86' lang='lat' dir='ltr'>tractandos</span> <span class='ocrx_word' id='word_1_25' title='bbox 1280 1347 1333 1391; x_wconf 90' lang='lat' dir='ltr'>ao-</span> 
     </span>
     <span class='ocr_line' id='line_1_6' title="bbox 165 1450 1332 1538; baseline -0.004 -19"><span class='ocrx_word' id='word_1_26' title='bbox 165 1454 303 1530; x_wconf 89' lang='lat' dir='ltr'>cesserit‚</span> <span class='ocrx_word' id='word_1_27' title='bbox 325 1454 393 1518; x_wconf 88' lang='lat' dir='ltr'>sine</span> <span class='ocrx_word' id='word_1_28' title='bbox 410 1453 509 1518; x_wconf 92' lang='lat' dir='ltr'>dubio</span> <span class='ocrx_word' id='word_1_29' title='bbox 527 1451 732 1520; x_wconf 87' lang='lat' dir='ltr'>difficultates</span> <span class='ocrx_word' id='word_1_30' title='bbox 749 1451 934 1538; x_wconf 89' lang='lat' dir='ltr'>proficiendi</span> <span class='ocrx_word' id='word_1_31' title='bbox 952 1450 1107 1536; x_wconf 84' lang='lat' dir='ltr'>imprimis</span> <span class='ocrx_word' id='word_1_32' title='bbox 1129 1452 1163 1514; x_wconf 90' lang='lat' dir='ltr'>in</span> <span class='ocrx_word' id='word_1_33' title='bbox 1186 1471 1223 1516; x_wconf 89' lang='lat' dir='ltr'>co</span> <span class='ocrx_word' id='word_1_34' title='bbox 1245 1451 1332 1534; x_wconf 88' lang='lat' dir='ltr'>posi-</span> 
     </span>
     <span class='ocr_line' id='line_1_7' title="bbox 165 1575 1334 1663; baseline -0.003 -20"><span class='ocrx_word' id='word_1_35' title='bbox 165 1585 216 1643; x_wconf 87' lang='lat' dir='ltr'>tas</span> <span class='ocrx_word' id='word_1_36' title='bbox 239 1600 307 1644; x_wconf 87' lang='lat' dir='ltr'>esse</span> <span class='ocrx_word' id='word_1_37' title='bbox 331 1579 492 1655; x_wconf 81' lang='lat' dir='ltr'>concedet,</span> <span class='ocrx_word' id='word_1_38' title='bbox 516 1580 600 1663; x_wconf 93' lang='lat' dir='ltr'>quod</span> <span class='ocrx_word' id='word_1_39' title='bbox 624 1600 726 1662; x_wconf 91' lang='lat' dir='ltr'>neque</span> <span class='ocrx_word' id='word_1_40' title='bbox 749 1583 852 1643; x_wconf 92' lang='lat' dir='ltr'>totum</span> <span class='ocrx_word' id='word_1_41' title='bbox 870 1579 1032 1645; x_wconf 87' lang='lat' dir='ltr'>doctrinae</span> <span class='ocrx_word' id='word_1_42' title='bbox 1054 1576 1208 1642; x_wconf 86' lang='lat' dir='ltr'>ambitum</span> <span class='ocrx_word' id='word_1_43' title='bbox 1230 1575 1334 1641; x_wconf 87' lang='lat' dir='ltr'>adhuc</span> 
     </span>
     <span class='ocr_line' id='line_1_8' title="bbox 165 1701 1333 1789; baseline -0.003 -20"><span class='ocrx_word' id='word_1_44' title='bbox 165 1703 397 1787; x_wconf 83' lang='lat' dir='ltr'>cognoscimus,</span> <span class='ocrx_word' id='word_1_45' title='bbox 424 1725 526 1789; x_wconf 89' lang='lat' dir='ltr'>neque</span> <span class='ocrx_word' id='word_1_46' title='bbox 553 1702 673 1788; x_wconf 91' lang='lat' dir='ltr'>ubique</span> <span class='ocrx_word' id='word_1_47' title='bbox 700 1709 846 1770; x_wconf 86' lang='lat' dir='ltr'>accurate</span> <span class='ocrx_word' id='word_1_48' title='bbox 872 1703 936 1768; x_wconf 93' lang='lat' dir='ltr'>dici</span> <span class='ocrx_word' id='word_1_49' title='bbox 962 1703 1094 1788; x_wconf 90' lang='lat' dir='ltr'>poterit,</span> <span class='ocrx_word' id='word_1_50' title='bbox 1120 1701 1197 1784; x_wconf 89' lang='lat' dir='ltr'>quid</span> <span class='ocrx_word' id='word_1_51' title='bbox 1224 1722 1333 1767; x_wconf 88' lang='lat' dir='ltr'>revera</span> 
     </span>
    </p>
   </div>
   <div class='ocr_carea' id='block_1_3' title="bbox 164 1825 1332 1921">
    <p class='ocr_par' dir='ltr' id='par_1_3' title="bbox 164 1825 1332 1921">
     <span class='ocr_line' id='line_1_9' title="bbox 164 1825 1332 1921; baseline -0.002 -29"><span class='ocrx_word' id='word_1_52' title='bbox 164 1833 287 1894; x_wconf 84' lang='lat' dir='ltr'>veteres</span> <span class='ocrx_word' id='word_1_53' title='bbox 304 1827 354 1892; x_wconf 84' lang='lat' dir='ltr'>vel</span> <span class='ocrx_word' id='word_1_54' title='bbox 372 1829 504 1894; x_wconf 86' lang='lat' dir='ltr'>diversis</span> <span class='ocrx_word' id='word_1_55' title='bbox 526 1828 723 1912; x_wconf 79' lang='lat' dir='ltr'>temporibus</span> <span class='ocrx_word' id='word_1_56' title='bbox 741 1828 790 1892; x_wconf 87' lang='lat' dir='ltr'>vel</span> <span class='ocrx_word' id='word_1_57' title='bbox 813 1828 946 1894; x_wconf 90' lang='lat' dir='ltr'>diversis</span> <span class='ocrx_word' id='word_1_58' title='bbox 963 1826 1141 1921; x_wconf 88' lang='lat' dir='ltr'>rationibus</span> <span class='ocrx_word' id='word_1_59' title='bbox 1163 1825 1332 1892; x_wconf 88' lang='lat' dir='ltr'>oboedien-</span> 
     </span>
    </p>
   </div>
   <div class='ocr_carea' id='block_1_4' title="bbox 107 1951 1335 4415">
    <p class='ocr_par' dir='ltr' id='par_1_4' title="bbox 107 1951 1335 4415">
     <span class='ocr_line' id='line_1_10' title="bbox 164 1951 1334 2037; baseline -0.002 -19"><span class='ocrx_word' id='word_1_60' title='bbox 164 1958 213 2018; x_wconf 89' lang='lat' dir='ltr'>tes</span> <span class='ocrx_word' id='word_1_61' title='bbox 235 1954 409 2019; x_wconf 88' lang='lat' dir='ltr'>docuerint.</span> <span class='ocrx_word' id='word_1_62' title='bbox 456 1953 541 2032; x_wconf 84' lang='lat' dir='ltr'>Quid</span> <span class='ocrx_word' id='word_1_63' title='bbox 562 1953 750 2019; x_wconf 84' lang='lat' dir='ltr'>vocabulum</span> <span class='ocrx_word' id='word_1_64' title='bbox 772 1955 816 2018; x_wconf 92' lang='lat' dir='ltr'>sit</span> <span class='ocrx_word' id='word_1_65' title='bbox 837 1973 911 2018; x_wconf 83' lang='lat' dir='ltr'>vere</span> <span class='ocrx_word' id='word_1_66' title='bbox 934 1952 1088 2030; x_wconf 84' lang='lat' dir='ltr'>Atticum,</span> <span class='ocrx_word' id='word_1_67' title='bbox 1111 1971 1191 2037; x_wconf 89' lang='lat' dir='ltr'>quae</span> <span class='ocrx_word' id='word_1_68' title='bbox 1214 1951 1334 2016; x_wconf 86' lang='lat' dir='ltr'>formae</span> 
     </span>
     <span class='ocr_line' id='line_1_11' title="bbox 165 2077 1334 2163; baseline -0.001 -21"><span class='ocrx_word' id='word_1_69' title='bbox 165 2078 324 2143; x_wconf 83' lang='lat' dir='ltr'>veteribus</span> <span class='ocrx_word' id='word_1_70' title='bbox 351 2079 428 2162; x_wconf 87' lang='lat' dir='ltr'>ipsis</span> <span class='ocrx_word' id='word_1_71' title='bbox 454 2077 620 2163; x_wconf 89' lang='lat' dir='ltr'>probatae,</span> <span class='ocrx_word' id='word_1_72' title='bbox 652 2100 693 2144; x_wconf 89' lang='lat' dir='ltr'>ne</span> <span class='ocrx_word' id='word_1_73' title='bbox 721 2078 862 2144; x_wconf 91' lang='lat' dir='ltr'>dicamus</span> <span class='ocrx_word' id='word_1_74' title='bbox 886 2079 926 2144; x_wconf 92' lang='lat' dir='ltr'>de</span> <span class='ocrx_word' id='word_1_75' title='bbox 954 2078 1104 2145; x_wconf 89' lang='lat' dir='ltr'>obsoletis</span> <span class='ocrx_word' id='word_1_76' title='bbox 1132 2077 1273 2144; x_wconf 89' lang='lat' dir='ltr'>moribus</span> <span class='ocrx_word' id='word_1_77' title='bbox 1301 2081 1334 2141; x_wconf 90' lang='lat' dir='ltr'>et</span> 
     </span>
     <span class='ocr_line' id='line_1_12' title="bbox 164 2201 1333 2288; baseline 0.002 -22"><span class='ocrx_word' id='word_1_78' title='bbox 164 2203 334 2280; x_wconf 85' lang='lat' dir='ltr'>institutis,</span> <span class='ocrx_word' id='word_1_79' title='bbox 362 2202 570 2270; x_wconf 81' lang='lat' dir='ltr'>multifariam</span> <span class='ocrx_word' id='word_1_80' title='bbox 597 2205 631 2269; x_wconf 91' lang='lat' dir='ltr'>in</span> <span class='ocrx_word' id='word_1_81' title='bbox 654 2203 752 2270; x_wconf 92' lang='lat' dir='ltr'>dubio</span> <span class='ocrx_word' id='word_1_82' title='bbox 775 2210 837 2281; x_wconf 91' lang='lat' dir='ltr'>est,</span> <span class='ocrx_word' id='word_1_83' title='bbox 862 2204 925 2269; x_wconf 89' lang='lat' dir='ltr'>nisi</span> <span class='ocrx_word' id='word_1_84' title='bbox 948 2205 1074 2286; x_wconf 87' lang='lat' dir='ltr'>quando</span> <span class='ocrx_word' id='word_1_85' title='bbox 1096 2203 1218 2288; x_wconf 91' lang='lat' dir='ltr'>lapides</span> <span class='ocrx_word' id='word_1_86' title='bbox 1241 2201 1333 2268; x_wconf 90' lang='lat' dir='ltr'>nobis</span> 
     </span>
     <span class='ocr_line' id='line_1_13' title="bbox 165 2327 1333 2413; baseline -0.001 -21"><span class='ocrx_word' id='word_1_87' title='bbox 165 2334 356 2393; x_wconf 89' lang='lat' dir='ltr'>succurrent.</span> <span class='ocrx_word' id='word_1_88' title='bbox 390 2328 435 2394; x_wconf 90' lang='lat' dir='ltr'>Ut</span> <span class='ocrx_word' id='word_1_89' title='bbox 453 2329 554 2413; x_wconf 86' lang='lat' dir='ltr'>primo</span> <span class='ocrx_word' id='word_1_90' title='bbox 572 2329 713 2396; x_wconf 88' lang='lat' dir='ltr'>dicamus</span> <span class='ocrx_word' id='word_1_91' title='bbox 731 2330 771 2394; x_wconf 91' lang='lat' dir='ltr'>de</span> <span class='ocrx_word' id='word_1_92' title='bbox 790 2328 885 2394; x_wconf 87' lang='lat' dir='ltr'>rebus</span> <span class='ocrx_word' id='word_1_93' title='bbox 902 2327 1241 2412; x_wconf 86' lang='lat' dir='ltr'>lexicographicis,</span> <span class='ocrx_word' id='word_1_94' title='bbox 1259 2347 1333 2410; x_wconf 84' lang='lat' dir='ltr'>qua·</span> 
     </span>
     <span class='ocr_line' id='line_1_14' title="bbox 164 2453 1335 2528; baseline -0.002 -10"><span class='ocrx_word' id='word_1_95' title='bbox 164 2475 235 2518; x_wconf 90' lang='lat' dir='ltr'>rum</span> <span class='ocrx_word' id='word_1_96' title='bbox 257 2454 374 2519; x_wconf 89' lang='lat' dir='ltr'>notitia</span> <span class='ocrx_word' id='word_1_97' title='bbox 396 2460 545 2519; x_wconf 86' lang='lat' dir='ltr'>accurata</span> <span class='ocrx_word' id='word_1_98' title='bbox 572 2458 605 2518; x_wconf 90' lang='lat' dir='ltr'>et</span> <span class='ocrx_word' id='word_1_99' title='bbox 627 2453 774 2520; x_wconf 86' lang='lat' dir='ltr'>absoluta</span> <span class='ocrx_word' id='word_1_100' title='bbox 795 2454 901 2519; x_wconf 89' lang='lat' dir='ltr'>adhuc</span> <span class='ocrx_word' id='word_1_101' title='bbox 923 2453 1136 2528; x_wconf 91' lang='lat' dir='ltr'>desideratur,</span> <span class='ocrx_word' id='word_1_102' title='bbox 1163 2453 1335 2518; x_wconf 88' lang='lat' dir='ltr'>dolendum</span> 
     </span>
     <span class='ocr_line' id='line_1_15' title="bbox 165 2575 1334 2664; baseline -0.002 -22"><span class='ocrx_word' id='word_1_103' title='bbox 165 2584 227 2656; x_wconf 90' lang='lat' dir='ltr'>est,</span> <span class='ocrx_word' id='word_1_104' title='bbox 259 2578 345 2664; x_wconf 92' lang='lat' dir='ltr'>quod</span> <span class='ocrx_word' id='word_1_105' title='bbox 372 2600 473 2664; x_wconf 88' lang='lat' dir='ltr'>neque</span> <span class='ocrx_word' id='word_1_106' title='bbox 501 2578 691 2663; x_wconf 90' lang='lat' dir='ltr'>Pamphili</span> <span class='ocrx_word' id='word_1_107' title='bbox 717 2599 820 2661; x_wconf 88' lang='lat' dir='ltr'>neque</span> <span class='ocrx_word' id='word_1_108' title='bbox 848 2578 1078 2661; x_wconf 89' lang='lat' dir='ltr'>Diogeniani</span> <span class='ocrx_word' id='word_1_109' title='bbox 1109 2598 1212 2661; x_wconf 89' lang='lat' dir='ltr'>neque</span> <span class='ocrx_word' id='word_1_110' title='bbox 1238 2575 1334 2641; x_wconf 90' lang='lat' dir='ltr'>atti-</span> 
     </span>
     <span class='ocr_line' id='line_1_16' title="bbox 165 2701 1335 2786; baseline -0.001 -19"><span class='ocrx_word' id='word_1_111' title='bbox 165 2703 362 2779; x_wconf 90' lang='lat' dir='ltr'>cistarum,</span> <span class='ocrx_word' id='word_1_112' title='bbox 390 2704 454 2786; x_wconf 91' lang='lat' dir='ltr'>qui</span> <span class='ocrx_word' id='word_1_113' title='bbox 482 2708 610 2768; x_wconf 89' lang='lat' dir='ltr'>aetate</span> <span class='ocrx_word' id='word_1_114' title='bbox 633 2703 868 2769; x_wconf 83' lang='lat' dir='ltr'>Athenaeum</span> <span class='ocrx_word' id='word_1_115' title='bbox 890 2703 1125 2778; x_wconf 89' lang='lat' dir='ltr'>anteierunt,</span> <span class='ocrx_word' id='word_1_116' title='bbox 1156 2701 1335 2786; x_wconf 88' lang='lat' dir='ltr'>fragmenta</span> 
     </span>
     <span class='ocr_line' id='line_1_17' title="bbox 165 2825 1333 2912; baseline -0.001 -22"><span class='ocrx_word' id='word_1_117' title='bbox 165 2826 270 2892; x_wconf 84' lang='lat' dir='ltr'>adhuc</span> <span class='ocrx_word' id='word_1_118' title='bbox 293 2833 440 2893; x_wconf 90' lang='lat' dir='ltr'>accurate</span> <span class='ocrx_word' id='word_1_119' title='bbox 459 2828 591 2894; x_wconf 90' lang='lat' dir='ltr'>collecta</span> <span class='ocrx_word' id='word_1_120' title='bbox 609 2833 651 2904; x_wconf 87' lang='lat' dir='ltr'>et,</span> <span class='ocrx_word' id='word_1_121' title='bbox 669 2849 750 2911; x_wconf 92' lang='lat' dir='ltr'>quae</span> <span class='ocrx_word' id='word_1_122' title='bbox 769 2828 929 2912; x_wconf 90' lang='lat' dir='ltr'>sequiores</span> <span class='ocrx_word' id='word_1_123' title='bbox 948 2847 986 2891; x_wconf 87' lang='lat' dir='ltr'>ex</span> <span class='ocrx_word' id='word_1_124' title='bbox 1004 2825 1050 2892; x_wconf 87' lang='lat' dir='ltr'>eis</span> <span class='ocrx_word' id='word_1_125' title='bbox 1068 2826 1240 2903; x_wconf 85' lang='lat' dir='ltr'>hauserint,</span> <span class='ocrx_word' id='word_1_126' title='bbox 1259 2825 1333 2891; x_wconf 92' lang='lat' dir='ltr'>dili·</span> 
     </span>
     <span class='ocr_line' id='line_1_18' title="bbox 166 2953 1333 3043; baseline 0.001 -29"><span class='ocrx_word' id='word_1_127' title='bbox 166 2955 276 3033; x_wconf 87' lang='lat' dir='ltr'>genter</span> <span class='ocrx_word' id='word_1_128' title='bbox 299 2953 468 3043; x_wconf 71' lang='lat' dir='ltr'>explanata</span> <span class='ocrx_word' id='word_1_129' title='bbox 490 2959 571 3018; x_wconf 89' lang='lat' dir='ltr'>sunt.</span> <span class='ocrx_word' id='word_1_130' title='bbox 617 2953 686 3032; x_wconf 81' lang='lat' dir='ltr'>Quo</span> <span class='ocrx_word' id='word_1_131' title='bbox 709 2953 840 3031; x_wconf 89' lang='lat' dir='ltr'>accedit,</span> <span class='ocrx_word' id='word_1_132' title='bbox 863 2953 948 3039; x_wconf 91' lang='lat' dir='ltr'>quod</span> <span class='ocrx_word' id='word_1_133' title='bbox 971 2958 1184 3018; x_wconf 89' lang='lat' dir='ltr'>ceterorum</span> <span class='ocrx_word' id='word_1_134' title='bbox 1209 2972 1333 3036; x_wconf 86' lang='lat' dir='ltr'>gram-</span> 
     </span>
     <span class='ocr_line' id='line_1_19' title="bbox 165 3075 1334 3164; baseline 0.003 -25"><span class='ocrx_word' id='word_1_135' title='bbox 165 3075 401 3155; x_wconf 91' lang='lat' dir='ltr'>maticorum,</span> <span class='ocrx_word' id='word_1_136' title='bbox 419 3078 475 3161; x_wconf 93' lang='lat' dir='ltr'>qni</span> <span class='ocrx_word' id='word_1_137' title='bbox 490 3077 649 3162; x_wconf 89' lang='lat' dir='ltr'>deperditi</span> <span class='ocrx_word' id='word_1_138' title='bbox 662 3083 744 3160; x_wconf 88' lang='lat' dir='ltr'>suut,</span> <span class='ocrx_word' id='word_1_139' title='bbox 765 3077 942 3164; x_wconf 85' lang='lat' dir='ltr'>fragmenta</span> <span class='ocrx_word' id='word_1_140' title='bbox 954 3077 1072 3162; x_wconf 92' lang='lat' dir='ltr'>ubique</span> <span class='ocrx_word' id='word_1_141' title='bbox 1086 3078 1229 3162; x_wconf 88' lang='lat' dir='ltr'>dispersa</span> <span class='ocrx_word' id='word_1_142' title='bbox 1241 3097 1334 3142; x_wconf 90' lang='lat' dir='ltr'>nemo</span> 
     </span>
     <span class='ocr_line' id='line_1_20' title="bbox 164 3200 1334 3289; baseline 0.003 -26"><span class='ocrx_word' id='word_1_143' title='bbox 164 3200 268 3265; x_wconf 90' lang='lat' dir='ltr'>adhuc</span> <span class='ocrx_word' id='word_1_144' title='bbox 289 3206 375 3266; x_wconf 88' lang='lat' dir='ltr'>recte</span> <span class='ocrx_word' id='word_1_145' title='bbox 398 3201 525 3285; x_wconf 87' lang='lat' dir='ltr'>collegit</span> <span class='ocrx_word' id='word_1_146' title='bbox 542 3208 575 3268; x_wconf 88' lang='lat' dir='ltr'>et</span> <span class='ocrx_word' id='word_1_147' title='bbox 592 3202 780 3269; x_wconf 86' lang='lat' dir='ltr'>illustravit:</span> <span class='ocrx_word' id='word_1_148' title='bbox 803 3204 883 3281; x_wconf 90' lang='lat' dir='ltr'>ideo,</span> <span class='ocrx_word' id='word_1_149' title='bbox 908 3203 1010 3289; x_wconf 86' lang='lat' dir='ltr'>qualis</span> <span class='ocrx_word' id='word_1_150' title='bbox 1032 3224 1132 3267; x_wconf 88' lang='lat' dir='ltr'>nexus</span> <span class='ocrx_word' id='word_1_151' title='bbox 1154 3203 1239 3266; x_wconf 91' lang='lat' dir='ltr'>inter</span> <span class='ocrx_word' id='word_1_152' title='bbox 1261 3202 1334 3267; x_wconf 86' lang='lat' dir='ltr'>illos</span> 
     </span>
     <span class='ocr_line' id='line_1_21' title="bbox 107 3325 1333 3412; baseline 0.003 -24"><span class='ocrx_word' id='word_1_153' title='bbox 107 3333 111 3338; x_wconf 84' lang='grc'><strong>’</strong></span> <span class='ocrx_word' id='word_1_154' title='bbox 164 3325 355 3401; x_wconf 84' lang='lat' dir='ltr'>intercedat,</span> <span class='ocrx_word' id='word_1_155' title='bbox 381 3326 548 3411; x_wconf 89' lang='lat' dir='ltr'>imprimis,</span> <span class='ocrx_word' id='word_1_156' title='bbox 575 3328 652 3412; x_wconf 92' lang='lat' dir='ltr'>quid</span> <span class='ocrx_word' id='word_1_157' title='bbox 678 3327 847 3394; x_wconf 88' lang='lat' dir='ltr'>attulerint</span> <span class='ocrx_word' id='word_1_158' title='bbox 872 3327 914 3393; x_wconf 88' lang='lat' dir='ltr'>ad</span> <span class='ocrx_word' id='word_1_159' title='bbox 937 3348 1029 3394; x_wconf 90' lang='lat' dir='ltr'>usum</span> <span class='ocrx_word' id='word_1_160' title='bbox 1052 3327 1185 3392; x_wconf 88' lang='lat' dir='ltr'>atticum</span> <span class='ocrx_word' id='word_1_161' title='bbox 1207 3326 1333 3392; x_wconf 88' lang='lat' dir='ltr'>artiori·</span> 
     </span>
     <span class='ocr_line' id='line_1_22' title="bbox 164 3448 1334 3538; baseline 0.003 -25"><span class='ocrx_word' id='word_1_162' title='bbox 164 3448 224 3513; x_wconf 91' lang='lat' dir='ltr'>bus</span> <span class='ocrx_word' id='word_1_163' title='bbox 255 3449 371 3516; x_wconf 90' lang='lat' dir='ltr'>finibus</span> <span class='ocrx_word' id='word_1_164' title='bbox 399 3453 733 3526; x_wconf 87' lang='lat' dir='ltr'>circumscribendum,</span> <span class='ocrx_word' id='word_1_165' title='bbox 767 3456 896 3538; x_wconf 86' lang='lat' dir='ltr'>agnosci</span> <span class='ocrx_word' id='word_1_166' title='bbox 922 3455 975 3517; x_wconf 84' lang='lat' dir='ltr'>rix</span> <span class='ocrx_word' id='word_1_167' title='bbox 1002 3457 1115 3537; x_wconf 87' lang='lat' dir='ltr'>potest.</span> <span class='ocrx_word' id='word_1_168' title='bbox 1161 3452 1334 3536; x_wconf 88' lang='lat' dir='ltr'>Praecipue</span> 
     </span>
     <span class='ocr_line' id='line_1_23' title="bbox 165 3574 1334 3662; baseline 0.003 -24"><span class='ocrx_word' id='word_1_169' title='bbox 165 3574 378 3658; x_wconf 79' lang='lat' dir='ltr'>Tryphonis</span> <span class='ocrx_word' id='word_1_170' title='bbox 410 3576 600 3660; x_wconf 72' lang='lat' dir='ltr'>fragmenta,</span> <span class='ocrx_word' id='word_1_171' title='bbox 633 3578 660 3643; x_wconf 90' lang='lat' dir='ltr'>si</span> <span class='ocrx_word' id='word_1_172' title='bbox 691 3582 757 3643; x_wconf 92' lang='lat' dir='ltr'>tam</span> <span class='ocrx_word' id='word_1_173' title='bbox 784 3577 954 3662; x_wconf 86' lang='lat' dir='ltr'>diligenter</span> <span class='ocrx_word' id='word_1_174' title='bbox 981 3576 1113 3644; x_wconf 90' lang='lat' dir='ltr'>collecta</span> <span class='ocrx_word' id='word_1_175' title='bbox 1145 3582 1262 3653; x_wconf 87' lang='lat' dir='ltr'>essent,</span> <span class='ocrx_word' id='word_1_176' title='bbox 1298 3584 1334 3642; x_wconf 89' lang='lat' dir='ltr'>ut</span> 
     </span>
     <span class='ocr_line' id='line_1_24' title="bbox 164 3698 1334 3788; baseline 0.003 -24"><span class='ocrx_word' id='word_1_177' title='bbox 164 3698 358 3765; x_wconf 86' lang='lat' dir='ltr'>Nauchius</span> <span class='ocrx_word' id='word_1_178' title='bbox 386 3701 420 3765; x_wconf 90' lang='lat' dir='ltr'>in</span> <span class='ocrx_word' id='word_1_179' title='bbox 442 3701 526 3767; x_wconf 92' lang='lat' dir='ltr'>libro</span> <span class='ocrx_word' id='word_1_180' title='bbox 549 3723 621 3767; x_wconf 85' lang='lat' dir='ltr'>vare</span> <span class='ocrx_word' id='word_1_181' title='bbox 644 3723 741 3768; x_wconf 90' lang='lat' dir='ltr'>aureo</span> <span class='ocrx_word' id='word_1_182' title='bbox 769 3704 810 3768; x_wconf 92' lang='lat' dir='ltr'>de</span> <span class='ocrx_word' id='word_1_183' title='bbox 837 3701 1053 3787; x_wconf 79' lang='lat' dir='ltr'>Aristophane</span> <span class='ocrx_word' id='word_1_184' title='bbox 1080 3701 1233 3786; x_wconf 84' lang='lat' dir='ltr'>Byzantio</span> <span class='ocrx_word' id='word_1_185' title='bbox 1260 3703 1334 3788; x_wconf 85' lang='lat' dir='ltr'>egit,</span> 
     </span>
     <span class='ocr_line' id='line_1_25' title="bbox 164 3824 1333 3910; baseline 0.003 -21"><span class='ocrx_word' id='word_1_186' title='bbox 164 3824 344 3891; x_wconf 87' lang='lat' dir='ltr'>Lontzins</span> <span class='ocrx_word' id='word_1_187' title='bbox 367 3828 399 3891; x_wconf 92' lang='lat' dir='ltr'>in</span> <span class='ocrx_word' id='word_1_188' title='bbox 423 3827 570 3893; x_wconf 91' lang='lat' dir='ltr'>doctrina</span> <span class='ocrx_word' id='word_1_189' title='bbox 587 3827 797 3893; x_wconf 88' lang='lat' dir='ltr'>Herodiani</span> <span class='ocrx_word' id='word_1_190' title='bbox 824 3827 1032 3893; x_wconf 89' lang='lat' dir='ltr'>restauranda</span> <span class='ocrx_word' id='word_1_191' title='bbox 1053 3831 1215 3910; x_wconf 88' lang='lat' dir='ltr'>praestare</span> <span class='ocrx_word' id='word_1_192' title='bbox 1238 3848 1333 3893; x_wconf 92' lang='lat' dir='ltr'>ausus</span> 
     </span>
     <span class='ocr_line' id='line_1_26' title="bbox 165 3951 1333 4036; baseline 0.003 -22"><span class='ocrx_word' id='word_1_193' title='bbox 165 3955 225 4026; x_wconf 89' lang='lat' dir='ltr'>est,</span> <span class='ocrx_word' id='word_1_194' title='bbox 253 3951 280 4015; x_wconf 93' lang='lat' dir='ltr'>si</span> <span class='ocrx_word' id='word_1_195' title='bbox 304 3951 370 4016; x_wconf 94' lang='lat' dir='ltr'>Ori</span> <span class='ocrx_word' id='word_1_196' title='bbox 397 3956 431 4016; x_wconf 89' lang='lat' dir='ltr'>et</span> <span class='ocrx_word' id='word_1_197' title='bbox 453 3951 607 4017; x_wconf 90' lang='lat' dir='ltr'>Orionis</span> <span class='ocrx_word' id='word_1_198' title='bbox 630 3953 797 4036; x_wconf 88' lang='lat' dir='ltr'>reliquiae,</span> <span class='ocrx_word' id='word_1_199' title='bbox 824 3951 909 4018; x_wconf 90' lang='lat' dir='ltr'>hisce</span> <span class='ocrx_word' id='word_1_200' title='bbox 932 3951 1128 4035; x_wconf 89' lang='lat' dir='ltr'>temporibus</span> <span class='ocrx_word' id='word_1_201' title='bbox 1150 3973 1168 4015; x_wconf 95' lang='lat' dir='ltr'>e</span> <span class='ocrx_word' id='word_1_202' title='bbox 1189 3951 1333 4035; x_wconf 92' lang='lat' dir='ltr'>pluribus</span> 
     </span>
     <span class='ocr_line' id='line_1_27' title="bbox 164 4072 1332 4154; baseline 0.004 -17"><span class='ocrx_word' id='word_1_203' title='bbox 164 4072 305 4140; x_wconf 89' lang='lat' dir='ltr'>fontibus</span> <span class='ocrx_word' id='word_1_204' title='bbox 323 4081 444 4154; x_wconf 89' lang='lat' dir='ltr'>auctae,</span> <span class='ocrx_word' id='word_1_205' title='bbox 467 4078 584 4142; x_wconf 90' lang='lat' dir='ltr'>iterum</span> <span class='ocrx_word' id='word_1_206' title='bbox 601 4082 792 4143; x_wconf 89' lang='lat' dir='ltr'>retractatae</span> <span class='ocrx_word' id='word_1_207' title='bbox 812 4083 845 4143; x_wconf 92' lang='lat' dir='ltr'>et</span> <span class='ocrx_word' id='word_1_208' title='bbox 862 4077 1041 4143; x_wconf 87' lang='lat' dir='ltr'>illustratae</span> <span class='ocrx_word' id='word_1_209' title='bbox 1060 4081 1172 4152; x_wconf 87' lang='lat' dir='ltr'>essent,</span> <span class='ocrx_word' id='word_1_210' title='bbox 1194 4084 1227 4142; x_wconf 91' lang='lat' dir='ltr'>et</span> <span class='ocrx_word' id='word_1_211' title='bbox 1249 4079 1332 4142; x_wconf 92' lang='lat' dir='ltr'>mul-</span> 
     </span>
     <span class='ocr_line' id='line_1_28' title="bbox 165 4201 1333 4288; baseline 0.005 -25"><span class='ocrx_word' id='word_1_212' title='bbox 165 4203 233 4264; x_wconf 87' lang='lat' dir='ltr'>tum</span> <span class='ocrx_word' id='word_1_213' title='bbox 256 4201 394 4284; x_wconf 92' lang='lat' dir='ltr'>optimae</span> <span class='ocrx_word' id='word_1_214' title='bbox 412 4201 513 4286; x_wconf 83' lang='lat' dir='ltr'>frugis</span> <span class='ocrx_word' id='word_1_215' title='bbox 531 4201 606 4268; x_wconf 82' lang='lat' dir='ltr'>inde</span> <span class='ocrx_word' id='word_1_216' title='bbox 624 4202 704 4268; x_wconf 89' lang='lat' dir='ltr'>disci</span> <span class='ocrx_word' id='word_1_217' title='bbox 721 4208 836 4288; x_wconf 90' lang='lat' dir='ltr'>posset,</span> <span class='ocrx_word' id='word_1_218' title='bbox 859 4208 891 4269; x_wconf 93' lang='lat' dir='ltr'>et</span> <span class='ocrx_word' id='word_1_219' title='bbox 913 4224 1011 4268; x_wconf 83' lang='lat' dir='ltr'>nexus</span> <span class='ocrx_word' id='word_1_220' title='bbox 1034 4203 1198 4268; x_wconf 88' lang='lat' dir='ltr'>doctrinae</span> <span class='ocrx_word' id='word_1_221' title='bbox 1220 4203 1333 4269; x_wconf 92' lang='lat' dir='ltr'>melius</span> 
     </span>
     <span class='ocr_line' id='line_1_29' title="bbox 164 4326 1333 4415; baseline 0.006 -27"><span class='ocrx_word' id='word_1_222' title='bbox 164 4331 395 4408; x_wconf 87' lang='lat' dir='ltr'>agnosceretur.</span> <span class='ocrx_word' id='word_1_223' title='bbox 440 4326 525 4412; x_wconf 85' lang='lat' dir='ltr'>Ergo</span> <span class='ocrx_word' id='word_1_224' title='bbox 552 4327 667 4394; x_wconf 89' lang='lat' dir='ltr'>iterum</span> <span class='ocrx_word' id='word_1_225' title='bbox 698 4327 819 4414; x_wconf 89' lang='lat' dir='ltr'>aliquid</span> <span class='ocrx_word' id='word_1_226' title='bbox 848 4329 889 4395; x_wconf 89' lang='lat' dir='ltr'>ad</span> <span class='ocrx_word' id='word_1_227' title='bbox 917 4327 1082 4395; x_wconf 86' lang='lat' dir='ltr'>historiam</span> <span class='ocrx_word' id='word_1_228' title='bbox 1109 4327 1333 4415; x_wconf 85' lang='lat' dir='ltr'>grammaticae</span> 
     </span>
    </p>
   </div>
   <div class='ocr_carea' id='block_1_5' title="bbox 0 0 1504 5040">
    <p class='ocr_par' dir='ltr' id='par_1_5' title="bbox 0 0 1504 5040">
     <span class='ocr_line' id='line_1_30' title="bbox 0 0 1504 5040; baseline 0 0"><span class='ocrx_word' id='word_1_229' title='bbox 0 0 1504 5040; x_wconf 95' lang='lat' dir='ltr'> </span> 
     </span>
    </p>
   </div>
  </div>
 </body>
</html>
