3000 5040
659 267 723 332 245

98 420 306 511 Καλλιμάχῳ
325 424 376 513 (fr.
396 424 470 492 356.
490 423 660 512 Schneid.),
681 419 756 494 ἀντὶ
774 435 836 494 τοῦ
853 422 1045 516 ὑφάντριαι,
1064 419 1106 496 οὗ
1124 421 1165 516 δή
1182 430 1269 497 Καλ-

100 527 246 620 λιμάχου
268 535 326 601 καὶ
346 525 387 601 τὸ
411 533 463 624 (fr.
487 532 561 599 295.
585 533 745 618 Schneid.)

362 635 523 709 ὑδάτινον
545 635 689 728 καέρωμ’
706 636 883 729 ὖμενέσσιν
905 633 1026 728 ὅμοιον

101 742 124 816 ὃ
151 748 187 815 δὲ
209 741 315 816 εἰποδν
333 740 373 816 τὸ
392 747 614 835 καιροσέων
633 741 710 816 ἀντὶ
727 756 789 816 τοῦ
807 756 1024 837 κροσσωτων,
1046 755 1270 832 θυσανωτῶν,

101 854 272 942 λέγεικαὶ
294 847 347 923 ὅτι
369 856 556 941 καϊρος3)·
585 847 693 942 σειρά,
719 848 765 922 δι’
783 844 820 943 ής
843 855 876 922 ολ
899 853 1060 945 στήμονες
1081 859 1268 925 καθλενται.
1296 882 1309 923 ι

101 963 164 1028 καὶ
186 956 249 1049 ὅρα
272 960 309 1029 ἐν
330 958 464 1040 τούτοις
485 954 524 1028 τὸ
548 973 665 1049 καῑρος
690 963 863 1049 βαρυνθέν
885 957 970 1050 πρὸς
993 957 1173 1052 διαστολὴν
1193 989 1269 1051 χρο·

102 1076 206 1137 νικοῦ
223 1076 286 1137 τοῦ
299 1066 423 1156 καιρός.
448 1067 497 1136 ἔτι
516 1069 552 1136 δὲ
571 1062 659 1136 κατ’
677 1063 821 1149 ἄλλους
839 1073 896 1138 καὶ
915 1067 1036 1158 ἑτέρως
1053 1073 1269 1160 καίρωμαέ)

99 1172 124 1265 ή
151 1169 315 1265 διαπλοκή
337 1183 400 1243 τοῦ
423 1172 615 1262 διάσματος,
644 1177 680 1243 έν
703 1165 724 1261 ή
748 1175 780 1244 οἱ
804 1175 964 1265 στήμονος
985 1180 1171 1246 καθίενται.
1213 1180 1270 1246 καὶ

101 1277 235 1361 ἄλλως
266 1283 342 1369 δὲῦ)
373 1275 413 1350 τὸ
448 1280 715 1369 διαπλεκόμενον
741 1277 834 1370 παρὰ
860 1277 922 1352 τὸν
949 1288 1061 1370 μίτον,
1093 1280 1140 1364 ὡς
1166 1278 1209 1353 ἂν
1236 1282 1269 1353 ολ

102 1386 266 1478 στήμονας
291 1383 335 1478 μή
362 1390 574 1476 συγχέωνται.
615 1393 710 1476 μέτος
734 1392 770 1457 δὲ
794 1384 840 1457 δι’
859 1381 901 1458 οὗ
922 1385 1001 1471 τοὺς
1029 1389 1193 1481 στήμονας
1216 1391 1268 1459 έν·
1283 1416 1309 1457 ro

102 1493 330 1564 αλλάσσσυσιν
354 1496 400 1575 εἰς
422 1490 555 1585 πλοκήν
576 1504 635 1585 τῆς
657 1495 789 1586 κρόκης.
814 1496 864 1587 [ολ
888 1499 929 1565 δέ
946 1501 1102 1586 φασινθ)
1127 1490 1180 1566 ὅτι
1198 1513 1268 1566 καῑ-

100 1627 165 1691 ρος
192 1596 291 1682 αὐτὸς
318 1598 337 1670 ὁ
365 1605 460 1690 μέτος
487 1605 593 1686 ἐστὶν,
625 1603 661 1686 ἐξ
692 1593 733 1671 οὗ
760 1601 963 1692 παράγωγον
991 1599 1009 1671 ὁ
1038 1603 1184 1693 καιρόεις
1211 1605 1267 1695 -]

103 1705 237 1797 [ἄλλοι
260 1711 302 1777 δὲ
319 1705 459 1778 εὐθεῖαν
478 1707 574 1778 εἶπον
592 1705 613 1800 ή
632 1708 774 1798 καιρόσα
792 1708 921 1800 μονήρη
940 1712 1039 1795 λέξιν,
1063 1708 1111 1792 ὡς
1122 1707 1268 1794 Ἄτοσσα,

103 1809 191 1886 ὅθεν
212 1810 326 1906 γενική
353 1811 567 1907 πληθυντικὴ
595 1827 766 1905 καιροσοῦν
795 1822 852 1885 καὶ
879 1820 1067 1906 καιροσέων
1088 1813 1267 1907 Ἰωνικῶς]

103 1924 180 1993 ἐπεὶ
203 1926 239 1993 δέ
262 1926 399 2013 φέρεται
423 1926 464 1992 έν
486 1923 685 2014 ῥητορικῷ
709 1932 850 2013 λεξικηῦ
873 1929 930 1993 καὶ
948 1917 1001 1994 ὅτι
1023 1924 1267 2015 μεσάκμωνλ)
1283 1950 1308 1991 ra

102 2025 145 2100 τὸ
158 2041 208 2120 τῷ
221 2030 342 2101 κανόνι
356 2027 614 2119 ὑποδεδεμένον,
628 2024 807 2100 δκαλεῐται
821 2046 937 2121 καῑρος
952 2034 1185 2123 σκοπητέονῦ),
1198 2040 1268 2102 κτλ.

193 2143 268 2207 401.
301 2142 475 2208 Eustath.
493 2165 523 2225 p.
545 2142 639 2218 1181,
656 2141 708 2208 51.
741 2132 809 2207 α’πὸ
839 2142 874 2208 δέ
901 2151 959 2229 τῆς
986 2139 1144 2230 ῥηθεέσης
1166 2139 1269 2209 καλά-

101 2272 166 2335 μης
188 2250 245 2313 καὶ
268 2249 573 2336 καλαμᾶσθαιῑγ
596 2240 636 2314 τὸ
657 2249 827 2334 συλλέγειν
849 2241 891 2314 τὰ
914 2251 1057 2334 λείψανα
1079 2257 1150 2316 τῶν
1173 2255 1269 2316 τεθε·

103 2355 282 2441 ρισμένων,
323 2349 370 2434 ὡς
396 2354 437 2421 ἐν
464 2352 663 2444 ῥητορικῷ
691 2346 851 2443 εὕρηται
878 2360 1036 2441 λεξικιῇ,
1063 2357 1121 2421 καὶ
1148 2361 1268 2422 καλα-

101 2457 257 2550 μαῑόνδ)
276 2479 368 2546 φασι,
390 2463 555 2548 τεττέγιον
573 2458 758 2548 ἐλάχιστον,
780 2464 837 2528 καὶ
855 2459 1099 2549 καλάμιονῧγ
1121 2470 1269 2548 χρυσοῦν
1282 2485 1309 2526 so

195 2713 217 2778 ⁸)
237 2713 319 2770 conv.
337 2714 416 2769 Phot.
444 2713 539 2768 Nabar
557 2713 758 2769 Pausaniam
777 2712 832 2770 sibi
850 2727 998 2782 agnoscere
1016 2710 1133 2768 ridetur.
1163 2710 1203 2768 Of.
1222 2711 1267 2768 nt.

101 2805 142 2860 M.
159 2805 221 2870 498,
237 2804 262 2859 7.
285 2803 329 2861 Et.
343 2803 412 2859 Gud.
428 2802 489 2870 292,
502 2803 545 2858 20.
565 2804 646 2872 (quae
665 2803 721 2859 iam
739 2805 776 2858 ad
794 2802 911 2858 alteram
929 2801 1085 2872 opinionem
1104 2802 1154 2858 sub
1173 2806 1230 2858 not.
1243 2803 1268 2858 5.

101 2893 272 2964 provocant.)

193 2983 214 3050 ⁴)
233 2984 390 3039 Formulam
409 2981 542 3052 indagare
561 2998 617 3037 non
634 2982 720 3052 potui.

192 3073 214 3144 ⁵)
234 3073 316 3129 Oonv.
335 3071 409 3128 Suid.
430 3071 478 3141 qui
496 3073 615 3141 glossam
634 3072 766 3143 καλρωμα
784 3076 847 3141 post
864 3067 1026 3142 καιροσέων
1044 3070 1139 3128 adicit.
1168 3071 1204 3128 cf.
1222 3071 1267 3128 Er.

101 3165 140 3220 Μ.
160 3163 221 3232 498,
241 3164 265 3218 9.
1271 3209 1274 3215 .

193 3251 400 3320 ⁰)Herennii
427 3250 584 3306 Philonis
612 3266 672 3306 esse
699 3250 835 3317 videntur,
865 3249 899 3306 cf.
917 3251 996 3306 Eust.
1015 3268 1043 3321 p.
1062 3251 1127 3318 907,
1148 3251 1269 3317 13.156‚

102 3341 146 3397 44.
167 3341 207 3399 ef.
226 3341 291 3397 Hes.
312 3358 332 3396 s.
352 3358 376 3396 v.
396 3337 581 3412 καιροσοέων.
606 3341 733 3410 Apollon.
752 3341 806 3396 lex.
823 3341 895 3395 hom.
915 3341 957 3407 94,
977 3342 1002 3395 9.
1021 3340 1110 3396 Bekk.
1137 3380 1142 3397 .

193 3432 214 3499 ⁷)
233 3429 273 3487 cf.
292 3429 365 3486 Suid.
384 3447 405 3485 s.
424 3446 449 3485 v.
468 3424 614 3503 μεσέτμῳ.
634 3430 701 3484 Hes.

193 3519 274 3589 ⁰)cf.
293 3518 338 3575 Et.
358 3520 397 3574 M.
415 3519 477 3588 499,
496 3519 540 3573 44.

148 3610 209 3665 401.
237 3609 427 3665 Pausaniae
446 3610 519 3664 hanc
536 3607 691 3663 doctriuam
710 3607 806 3664 debari
820 3607 941 3664 efficitur
959 3622 994 3662 ox
1007 3606 1040 3662 fr.
1053 3608 1096 3663 87.
1120 3605 1268 3662 Atticistsa

104 3697 189 3754 ctiam
208 3703 303 3754 cetera
321 3699 461 3767 adscribo,
481 3699 553 3766 quod
571 3697 718 3753 Eustathio
738 3713 772 3754 ex
791 3714 842 3753 usu
860 3696 955 3767 fiebat,
974 3703 1077 3751 utnon
1095 3712 1178 3752 unam
1196 3697 1268 3765 glos-

104 3803 171 3855 sam,
191 3789 241 3843 scd
259 3787 416 3857 congeriem
434 3787 543 3842 illorum
563 3787 733 3856 depingeret.

193 3877 214 3942 ¹)
233 3875 273 3932 Cf.
288 3877 366 3932 Phot.
379 3876 454 3932 Suid.
469 3893 489 3931 s.
502 3892 527 3931 r.
541 3878 711 3944 καλαμᾶται.
730 3877 795 3932 Hes.
806 3871 1023 3943 καλαμιδμενον,
1038 3875 1141 3929 Anecd.
1154 3873 1267 3930 Bachm.

103 3968 124 4021 1.
143 3983 171 4037 p.
189 3966 251 4032 266,
269 3966 312 4022 30.

193 4056 213 4124 ¹)
233 4054 274 4110 cf.
293 4055 357 4111 Hes.
377 4072 398 4110 s.
417 4073 441 4109 v.
461 4050 605 4127 κερκώπη.

193 4143 214 4213 ⁸)
234 4144 276 4200 Cf.
295 4145 360 4200 Hes.
380 4147 512 4213 καλαμλς·
537 4139 696 4216 κοσμάριόν
714 4163 741 4198 τι
760 4145 825 4214 περὶ
844 4139 910 4207 τοὺς
928 4136 1101 4210 πλοκάμους.
1131 4132 1201 4196 ένιοι
1219 4133 1268 4196 σύ·

104 4253 202 4306 ριγγα,
223 4226 303 4289 ἄλλοι
318 4237 445 4305 χρυσοῦν
463 4230 691 4306 περιτραχήλιον.
715 4237 764 4288 καὶ
782 4233 911 4305 γραφέων
929 4227 1005 4302 θήκη
1024 4230 1068 4300 (cf.
1081 4229 1149 4286 Poll.
1166 4230 1198 4285 X.
1214 4229 1268 4300 59).

104 4320 191 4380 ...δέ
209 4320 260 4378 τὸν
278 4327 331 4379 τοῦ
349 4320 491 4394 γάλακτος
509 4319 623 4396 ταρσὸν.
648 4326 697 4378 καὶ
715 4317 875 4387 ἁλιευτικὸς
894 4317 1028 4390 κάλαμος.
1068 4321 1219 4392 Κερυνῖται
1237 4315 1270 4374 δέ

103 4409 171 4480 τοὺς
188 4409 309 4485 μικροὺς
326 4410 455 4485 τέττιγας
473 4414 630 4481 καλαμλδας
648 4416 793 4468 καλοῦσιν.
812 4443 847 4453 -
868 4413 1019 4485 Κερυνῖται
1042 4426 1155 4472 nomen,
1177 4425 1195 4464 a
1215 4409 1269 4464 Κε·
