3000 5040
722 281 766 345 32

160 440 239 516 436,
272 439 350 516 229,
383 438 473 526 348).
506 461 536 523 p.
567 440 650 504 1417
684 439 721 506 fr.
750 430 910 521 cipddtov,
941 426 1035 526 ἦδος,
1072 434 1333 506 εἰκοσαστάδιον

161 546 224 632 (no.
251 546 322 622 153,
349 546 434 632 190).
481 546 635 612 Locorum
662 568 810 612 numerus
837 546 929 611 facile
957 547 1057 630 possit
1079 547 1207 630 augeria
1239 547 1334 630 plura

161 653 320 736 adponere
343 653 507 730 noluimus,
530 655 617 737 quod
639 653 702 720 iam
721 658 816 720 antea
833 654 959 738 singula
975 654 1147 737 tetigimus,
1170 651 1210 719 cf.
1228 675 1262 738 p.
1281 653 1332 719 30.

160 764 224 825 not.
250 760 277 823 1.

248 866 292 931 At
319 866 353 931 id
380 887 467 932 casu
489 866 608 933 iactum
636 888 703 934 esse
725 866 804 933 mihi
827 888 974 952 oppones.
1015 865 1160 932 Minime:
1194 865 1333 931 sienim

160 973 334 1057 singularia
365 974 469 1040 acrius
497 974 631 1040 intuitus
660 975 735 1052 eris,
767 996 891 1059 semper
919 975 959 1040 de
986 972 1114 1041 vocibus
1141 973 1333 1058 propinquis

161 1101 335 1146 sermonem
368 1101 435 1147 esse
467 1081 646 1166 intelleges:
683 1082 805 1166 glossae
837 1087 944 1148 autem
975 1081 1048 1147 illue
1080 1081 1114 1146 in
1144 1080 1259 1147 lexicis
1291 1081 1333 1146 ad

159 1193 268 1253 nostra
294 1192 439 1272 tempora
464 1190 596 1254 servatis
619 1210 676 1256 suo
699 1188 768 1254 loco
791 1188 825 1275 (i.
849 1210 875 1254 e.
898 1189 931 1253 in
954 1188 1179 1254 elementorum
1203 1187 1332 1274 ordine)

159 1296 307 1373 redeunt,
336 1297 422 1361 unde
454 1297 570 1362 iterum
596 1297 796 1381 perspicuum
822 1294 873 1374 fit,
905 1295 991 1381 quali
1017 1295 1111 1362 modo
1138 1295 1332 1361 Eustathius

159 1400 262 1467 fontes
285 1423 357 1468 suos
379 1403 504 1470 adierit.
535 1403 587 1468 Ita
605 1405 697 1481 enim,
720 1409 757 1468 11
778 1403 843 1469 iarn
867 1424 1019 1469 summam
1041 1407 1231 1486 repetamus,
1255 1403 1332 1487 egit,

158 1515 195 1574 11
218 1530 298 1592 qnae
320 1511 483 1593 proposito
505 1512 610 1575 versui
632 1511 681 1576 vel
704 1510 907 1594 explicationi
929 1509 1033 1576 111111
1051 1509 1245 1587 viderentur,
1269 1531 1331 1574 un·

159 1616 255 1698 dique
278 1637 316 1680 ex
338 1615 401 1682 illis
423 1617 532 1682 lexicis
555 1617 718 1702 colligeret
739 1623 772 1683 et
795 1619 842 1684 ita
864 1639 931 1683 rem
950 1617 1139 1702 disponeret,
1162 1622 1199 1682 ut
1222 1618 1332 1700 potius

158 1723 261 1787 lexica
278 1723 320 1788 ad
341 1744 446 1788 rerum
470 1724 613 1789 ordinem
636 1725 797 1808 disposita,
819 1746 914 1808 quam
931 1720 1026 1806 τάξιν
1046 1715 1257 1809 στοιχειακὴν
1282 1744 1332 1789 se-

159 1829 297 1911 quentia,
320 1830 436 1896 adiisse
459 1828 563 1897 obiter
585 1832 826 1916 inspicientibus
848 1833 1001 1898 videatur.

249 1935 318 2014 Qua
340 1935 380 2001 ab
403 1937 564 2003 Eustathii
587 1939 710 2004 ratione
733 1939 766 2004 in
785 1940 915 2004 edendis
933 1938 1146 2005 attioistarum
1168 1935 1331 2022 fragmen·

159 2042 201 2107 tis
228 2041 320 2108 nobis
346 2063 410 2109 non
438 2044 663 2110 discedendum
686 2067 753 2112 esse
776 2045 933 2112 duximus:
964 2045 1066 2130 primo
1093 2045 1178 2129 quod
1205 2046 1330 2128 glossas

159 2148 338 2215 collectivae
361 2170 425 2215 non
448 2150 489 2216 ab
513 2152 725 2218 atticistarum
742 2153 880 2219 consiliis
898 2154 1019 2219 alienas
1037 2173 1104 2220 esse
1122 2157 1258 2237 apparet
1276 2151 1330 2239 (of.

160 2246 368 2342 dudecarotb
401 2257 528 2336 deinde,
556 2260 640 2343 quod
666 2259 809 2343 pluribus
841 2261 875 2325 in
905 2260 1018 2344 glossis
1050 2281 1162 2344 parum
1194 2264 1331 2337 constat,

158 2365 243 2430 unde
265 2369 390 2449 sumpta
412 2365 477 2431 sint
500 2365 552 2452 (cf.
576 2365 690 2446 111111,
717 2361 924 2448 κατουλάδα,
952 2362 1158 2449 clericellos
1181 2365 1330 2454 similia):

158 2477 318 2556 postremo
347 2471 494 2560 (eamque
520 2474 738 2556 gravissimam
764 2495 890 2539 causam
918 2496 985 2540 esse
1013 2473 1108 2562 duco)
1137 2473 1223 2556 quod
1251 2473 1330 2539 locis

160 2578 378 2646 Eustathianis
396 2581 529 2664 integris
547 2582 658 2646 melius
677 2583 743 2646 eius
762 2581 955 2659 methodum,
973 2582 1098 2667 qualem
1117 2581 1330 2664 exposuimus,

160 2685 304 2753 omnibus
326 2687 526 2755 manifestam
548 2687 688 2754 futuram
711 2711 778 2756 esse
801 2689 1001 2773 speravimus.

660 2920 748 2988 CAP.
771 2921 825 2987 IV.

249 3061 372 3145 Operae
394 3063 531 3146 pretium
554 3062 695 3130 facturus
719 3085 786 3130 esse
807 3065 887 3129 mihi
909 3064 1031 3142 videor,
1054 3065 1082 3130 si
1105 3086 1154 3142 ea,
1181 3085 1264 3150 quae
1288 3067 1328 3132 de

160 3172 246 3232 statu
286 3168 413 3233 illorum
448 3169 618 3236 lexicorum
655 3172 723 3236 erui
758 3177 920 3254 poterant,
956 3171 1104 3238 brevibus
1141 3194 1326 3257 exposuero.

160 3273 260 3339 Nemo
283 3275 436 3352 enimes,
459 3278 519 3342 etsi
542 3279 662 3361 optima
684 3283 789 3343 111111
812 3277 955 3344 coniecta
977 3285 1059 3356 sunt,
1082 3281 1209 3345 omnino
1232 3279 1327 3346 abso-

159 3381 227 3444 luta
250 3385 282 3446 11
304 3383 426 3447 mendis
449 3385 589 3449 carentia
611 3383 707 3450 fuisse
731 3386 956 3469 suspicabitur:
988 3387 1083 3452 immo
1111 3387 1236 3471 etipsa
1259 3408 1327 3452 cor·

158 3486 292 3570 ruptelis
320 3494 352 3553 et
375 3490 533 3556 erroribus
556 3492 722 3576 inquinata
744 3492 886 3558 fuerunt:
918 3515 982 3558 non
1008 3495 1091 3560 enim
1114 3514 1238 3560 errores
1262 3514 1327 3559 om·

159 3615 216 3659 nes
238 3597 449 3678 posteriorum
471 3597 613 3664 librariis
635 3601 761 3665 crimini
784 3601 881 3666 dandi
904 3607 986 3679 sunt,
1009 3603 1064 3667 sed
1087 3601 1206 3666 iamin
1230 3599 1326 3666 fonti-

158 3700 218 3767 bus
237 3701 396 3768 extabant.
434 3703 543 3788 Neque
560 3705 662 3771 lexica
680 3706 735 3771 illa
752 3712 877 3773 1111111
899 3709 1050 3774 mendosa
1073 3709 1169 3774 fuisse
1191 3709 1325 3774 mireris.

160 3808 344 3894 Quicunque
372 3810 456 3876 enim
483 3812 585 3878 lexica
612 3813 716 3878 adhuc
743 3817 885 3880 extantia
915 3816 1066 3900 inspexit,
1098 3837 1193 3898 quam
1225 3813 1326 3880 foedis

160 3922 254 4001 atque
278 3918 449 3983 innumeris
472 3920 594 3985 mendis
617 3921 782 4005 inquinata
805 3923 877 4000 sint,
899 3923 985 3988 haud
1008 3925 1141 4006 ignorat.
1182 3921 1326 4006 Exempli

159 4024 264 4107 gratia
292 4046 389 4090 unum
412 4029 629 4093 tantummodo
657 4029 690 4092 in
712 4037 819 4112 partes
841 4030 972 4108 vocabo,
995 4030 1234 4115 Etymologicon
1259 4029 1325 4096 Gu-

159 4130 289 4195 diarium
298 4133 339 4217 ¹),
371 4154 435 4216 qua
461 4135 495 4198 in
522 4135 654 4220 singulis
682 4135 748 4201 1111
775 4137 866 4203 lineis
893 4139 1008 4205 menda
1034 4138 1084 4203 vel
1111 4137 1326 4223 lexicographi

159 4236 258 4319 ipsius
280 4238 395 4304 tollere
416 4242 544 4324 poteris.

250 4398 269 4462 1)
288 4398 341 4452 Suo
359 4398 419 4452 iure
438 4400 532 4468 Kopp,
552 4401 636 4456 Boitr.
656 4418 682 4470 p.
703 4403 766 4468 129,
786 4402 935 4459 editionem
954 4403 1124 4458 Sturzianum
1145 4405 1324 4460 vehementer
