3000 5040
722 218 764 281 76

159 375 289 442 Zenobii
303 375 471 460 proverbia
485 397 548 441 non
567 379 749 460 cognovisse
759 376 785 463 ¹)
801 380 834 440 et
847 375 1024 441 Pausaniae
1039 375 1198 460 imprimis
1212 376 1338 443 doctri·

159 505 232 548 nam
246 488 390 548 secutum
403 503 477 548 esse.
501 483 710 550 Pausanias
724 484 817 559 enim,
831 482 869 548 cf.
879 483 994 567 Hotop.
1005 505 1035 567 p.
1049 482 1123 547 274.
1134 504 1181 568 sq.
1195 482 1338 568 plurima

158 589 327 673 proverbia
348 589 490 673 protulit,
512 591 612 656 multo
635 592 739 655 minor
762 596 811 656 est
833 609 983 654 numerus
1005 589 1160 673 Dionysii.

248 697 295 761 De
323 695 464 762 fontibus
491 696 766 781 lexicographicis,
799 717 879 781 quac
911 701 1025 779 quarto
1058 696 1127 762 loco
1160 698 1336 780 posuimus,

159 804 275 868 iterum
298 803 488 886 paucissima
511 803 645 869 dicenda
668 808 756 869 sunt:
789 802 908 868 fontem
935 803 1120 886 primarium
1148 802 1215 869 iam
1238 823 1336 887 supra

159 909 359 993 Pamphilum
378 911 575 994 agnovimus:
598 910 651 974 hic
668 909 734 975 illic
751 911 849 975 etiam
867 909 909 974 ad
927 909 1161 993 Diogeniauum
1179 930 1334 994 provoca·

159 1021 273 1081 verunt
292 1019 407 1081 nostri:
431 1016 534 1099 qualis
552 1038 651 1084 nexus
670 1017 753 1081 inter
772 1016 940 1093 Pollucem,
963 1016 1262 1100 Harpocrationem,
1286 1037 1334 1082 ce-

159 1128 245 1188 toros
271 1123 419 1207 aequales
446 1124 632 1190 statuendus
659 1125 715 1200 sit,
746 1123 840 1207 plane
867 1122 1023 1188 incertum
1051 1126 1113 1200 est,
1145 1127 1180 1188 et
1209 1123 1334 1189 etiamsi

158 1230 259 1296 multa
282 1236 315 1296 et
337 1230 505 1296 utilissima
528 1251 547 1295 a
570 1229 758 1307 Schmidtio,
785 1229 928 1308 Nabero,
954 1229 1110 1313 Boyseno,
1139 1227 1265 1296 Oohnio
1294 1229 1335 1295 ad

159 1337 217 1402 has
245 1336 446 1420 quaestiones
474 1335 677 1402 difficillimas
704 1337 803 1402 allata
829 1342 917 1414 sunt,
948 1357 1000 1402 res
1027 1336 1133 1402 adhuc
1160 1337 1195 1401 in
1224 1335 1334 1403 limine

161 1449 274 1510 versat.

248 1549 442 1616 Paucissimo
459 1550 619 1615 atticistae
637 1550 698 1633 ipsi
717 1549 903 1626 attulerunt,
921 1555 958 1615 ut
975 1568 1066 1616 voces
1084 1548 1243 1632 quasdam
1260 1547 1333 1615 bar-

159 1656 268 1733 baras,
291 1656 445 1739 imprimis
469 1657 611 1722 ethnicas
635 1656 778 1743 (δίρκος,
807 1648 914 1736 datar,
941 1648 1061 1742 ὄλιον).
1093 1675 1196 1739 neque
1225 1656 1334 1740 magni

160 1767 235 1827 sunt
256 1763 415 1828 momenti.
460 1762 575 1828 Lexica
604 1784 712 1829 eorum
734 1784 797 1829 non
820 1762 860 1828 ob
883 1783 966 1829 nova
988 1762 1224 1840 additamenta,
1252 1781 1334 1846 quae

161 1869 284 1952 priores
307 1870 490 1946 omiserant,
518 1869 654 1935 lectione
682 1871 779 1954 digna
806 1876 897 1935 erant
924 1870 980 1935 ssd
1003 1869 1077 1935 ideo
1101 1869 1243 1952 optimae
1266 1868 1333 1934 fne-

161 1981 237 2039 runt
255 1981 359 2051 notae,
382 1976 468 2057 quod
489 1975 673 2042 testimonia
695 1983 837 2042 veterum
857 1975 982 2042 abunde
1005 1976 1206 2041 addiderant
1241 1975 1334 2054 Quod

160 2081 320 2146 nonnullis
343 2082 376 2147 in
400 2082 550 2165 exemplis
559 2083 587 2169 8)
611 2084 715 2149 adhuc
738 2103 925 2166 cognoscere
947 2103 1127 2167 possumus:
1160 2081 1334 2149 dolendum

160 2193 222 2264 est,
250 2188 335 2272 quod
357 2186 485 2254 fortuna
508 2190 616 2255 invida
638 2189 730 2255 nobis
753 2189 833 2255 haec
855 2210 953 2272 opera
976 2189 1143 2272 denegavit
1171 2193 1205 2255 et
1227 2192 1334 2272 poste

161 2295 281 2360 riorum
299 2301 424 2362 tantum
443 2296 680 2379 compilationes
704 2295 795 2362 nobis
819 2301 942 2361 servata
965 2299 1047 2372 sunt,
1074 2295 1130 2379 qui
1151 2295 1204 2360 vel
1225 2295 1334 2361 taedio

162 2403 309 2467 commoti
328 2404 378 2468 vel
400 2403 486 2488 quod
507 2404 645 2486 pretium
668 2402 921 2468 testimoniorum
944 2400 1144 2486 ignorabant,
1166 2402 1334 2485 pretiosis·

161 2509 257 2572 simas
275 2509 438 2593 relliquias
457 2510 672 2577 desecuerant.
705 2509 742 2574 A.
757 2509 944 2592 Dionysium
963 2516 996 2574 et
1009 2509 1102 2574 Paus.
1116 2513 1193 2574 ante
1212 2513 1335 2575 ceteros

161 2619 307 2681 auctores
330 2616 546 2701 Thucydidem
573 2617 606 2679 in
635 2617 756 2681 deliciis
779 2615 928 2681 habuisse
951 2617 1016 2681 iam
1037 2615 1118 2681 Nab.
1137 2613 1222 2680 Prol.
1241 2637 1272 2699 p.
1293 2615 1335 2680 65

163 2720 398 2788 demonstrauit.
419 2723 470 2806 (cf.
486 2721 524 2788 fr.
541 2722 615 2788 214.
635 2729 698 2788 111.
716 2723 753 2797 7.,
771 2721 809 2786 fr.
829 2721 894 2787 305
912 2727 977 2788 not.
998 2722 1037 2799 7.,
1055 2721 1094 2789 fr.
1108 2721 1182 2786 372.
1201 2727 1269 2788 111.
1293 2722 1335 2808 1.)

161 2827 200 2893 Id
223 2829 367 2912 inprimis
390 2850 501 2895 moneo
524 2830 681 2895 atticistas
709 2850 779 2894 eam
806 2829 1012 2895 traditionem
1042 2829 1144 2911 sequi,
1171 2833 1209 2892 ut
1238 2829 1336 2893 etiam

162 2940 272 3018 poetas
290 2955 408 2999 novae
427 2937 658 3013 comoediae,
681 2935 825 3019 inprimis
845 2935 1104 3012 Menandrum,
1126 2939 1164 2999 ut
1181 2934 1336 3000 atticismi

162 3041 324 3123 purissimi
342 3045 439 3106 testes
458 3063 522 3106 non
545 3042 779 3126 improbandos,
799 3043 833 3106 in
850 3063 943 3108 usum
961 3047 1117 3108 vocarent.
1141 3040 1179 3106 of.
1198 3039 1335 3106 Pausan.

162 3147 196 3210 in
223 3146 261 3210 fr.
285 3146 372 3223 293,
400 3147 468 3213 Ael.
491 3148 583 3213 Dion.
607 3148 645 3213 fr.
668 3149 720 3214 30.
739 3149 791 3214 32.
810 3149 862 3213 97.
884 3149 956 3214 190.
976 3147 1049 3215 291.
1070 3147 1143 3212 292.
1162 3145 1238 3212 313.
1258 3144 1334 3211 325.

164 3257 204 3316 et.
223 3252 281 3316 lex.
300 3251 382 3317 rhet.
401 3251 437 3320 fr.
457 3253 531 3320 361.
550 3253 625 3318 442.
671 3255 741 3332 Qua
763 3255 796 3319 11
823 3277 859 3320 11
884 3275 937 3320 111
960 3275 1031 3320 cum
1054 3251 1265 3320 severioribus
1287 3251 1334 3317 iu-

163 3357 286 3423 dicibus
306 3360 458 3425 sermonis
476 3360 638 3443 purissimi
656 3382 798 3445 pugnare
816 3360 990 3444 intelleges.
1023 3360 1115 3425 Tales
1135 3359 1219 3424 enim
1236 3362 1336 3424 testes

163 3485 184 3528 a
200 3463 419 3548 Phrynicho
437 3467 633 3550 improbatos
652 3489 719 3532 esse
738 3472 872 3545 constat,
889 3466 927 3533 of.
946 3490 976 3551 p.
993 3467 1065 3532 196.
1084 3464 1161 3530 Lob.
1179 3469 1333 3548 μεγιστᾶ-

163 3593 219 3648 νες
243 3610 283 3618 -
305 3567 438 3659 ἔθηκεν,
462 3571 542 3649 ἴσως
560 3568 750 3658 Μενάνδρῳ
774 3565 1021 3659 ἀκολουθήσας,
1043 3563 1086 3636 οὔ
1109 3566 1150 3656 δή
1172 3592 1241 3636 τινι
1263 3574 1334 3635 τῶν

164 3681 320 3744 παλαιῶν
343 3679 381 3745 11.
400 3679 441 3745 ib.
461 3703 490 3763 p.
510 3679 585 3743 331.
604 3680 677 3745 363.
698 3680 771 3744 387.
789 3679 864 3743 415.
884 3677 936 3765 (ἐν
956 3673 1144 3762 Μισογύνῃ)
1163 3674 1239 3742 415.
1256 3674 1334 3741 425.

165 3784 240 3850 440.
263 3786 337 3851 442.
361 3826 402 3837 -
426 3787 477 3852 Ita
499 3784 550 3863 fit,
576 3791 613 3851 ut
640 3787 674 3850 in
696 3785 868 3870 Phryniohi
895 3784 1138 3869 praeparatione
1161 3782 1336 3867 sophistica

255 3981 275 4047 ⁵¹)
293 3980 396 4035 Lucilli
414 3981 551 4037 Tarrhaei
576 3977 607 4036 ἐν
630 3975 735 4052 πρώτῳ
760 3981 827 4049 περὶ
850 3981 1011 4049 παροιμιῶν
1034 3979 1110 4033 locus
1133 3995 1160 4047 p.
1178 3977 1245 4046 855,
1262 3977 1282 4032 4
1299 3992 1335 4031 ex

165 4070 290 4123 Ammon.
303 4087 330 4137 p.
345 4071 371 4123 9.
384 4069 482 4124 Valck.
502 4073 643 4126 detractus
662 4073 711 4124 cst.

255 4157 277 4226 1)
296 4156 447 4226 Imprimis,
471 4162 503 4212 ut
526 4159 581 4212 iam
599 4159 670 4215 Nab.
684 4175 711 4228 p.
727 4158 769 4213 25.
790 4158 972 4218 demonstrat,
997 4158 1125 4210 accurate
1144 4153 1335 4223 Thucydidem

166 4246 331 4311 tractabant,
346 4245 425 4300 1111.
438 4247 499 4300 214.
513 4251 569 4302 not.
583 4249 617 4315 7.,
631 4247 665 4303 fr.
678 4247 739 4302 305.
753 4249 808 4302 not.
824 4248 857 4313 7.,
871 4245 904 4299 fr.
919 4245 979 4299 372.
993 4249 1049 4299 not.
1064 4246 1087 4298 1.
1102 4242 1137 4298 cf.
1151 4258 1222 4312 quoe
1232 4240 1335 4300 Rindli

165 4351 192 4406 p.
206 4335 248 4390 17.
262 4336 297 4389 de
315 4334 433 4390 testibus
452 4335 576 4404 protulit.
