2986 5062
821 251 884 317 166

267 411 414 495 δροΐνοον
437 417 596 495 καραιῦν,
619 412 737 476 λίκνον
759 407 925 492 βαστάςον
947 416 1072 497 πλῆρες
1094 404 1223 496 ἄρτων,
1251 407 1430 496 αἰνισσόμι·

267 541 325 594 νος
347 509 408 602 τὴν
432 516 469 581 ἐκ
492 524 553 582 τοῦ
576 522 723 582 παλαιοῦ
745 519 821 598 βίου
846 517 901 583 ἐπὶ
923 509 963 582 τὸ
987 531 1142 603 κρεῖττον
1163 513 1362 604 μεταβολήν.

833 772 868 833 Ζ.

358 930 429 994 187.
463 928 780 1012 Eustath.p.217‚
803 930 851 994 14.
885 919 937 993 ὅτι
967 928 1003 994 δὲ
1030 921 1069 994 τό
1094 930 1244 1012 σμῶδιξ
1266 923 1361 996 καθὰ
1383 935 1436 996 καὶ

267 1029 306 1101 τὸ
336 1035 578 1120 σμερδαλέον
606 1036 663 1098 καὶ
686 1026 726 1099 τὸ
751 1027 918 1120 σμικρὸν
943 1027 997 1100 διὰ
1021 1043 1084 1100 τοῦ
1107 1040 1126 1116 ζ
1148 1032 1249 1120 εἶχον,
1271 1029 1335 1124 τὴν
1357 1062 1437 1124 τιρο-

240 1135 412 1228 ιφορικῆν
431 1134 535 1228 ἀρχὴν
553 1137 657 1206 πάλαι
679 1141 763 1206 τοτὲ
783 1133 837 1206 διὰ
856 1134 898 1206 τὰ
916 1134 1098 1226 παρεοικὸς
1119 1151 1183 1208 τοῦ
1204 1135 1299 1229 ἤχου,
1323 1146 1438 1231 δηλοῦ-

269 1267 322 1316 σιν
354 1247 387 1313 οἱ
417 1250 570 1326 παλαιοὶ,
603 1237 653 1312 ὦν
686 1246 727 1312 ἐν
759 1244 988 1333 ῥητορικοῖς
1020 1253 1193 1329 λεξικοῑς
1224 1261 1311 1328 τοῖς
1342 1245 1439 1318 κατὰ

269 1356 503 1440 στοιχεῖονῑ)
522 1366 629 1418 κεῖται
647 1356 704 1418 καὶ
723 1362 829 1418 ταῦτα
848 1353 884 1418 έν
903 1361 952 1439 τῷ
967 1359 985 1435 ζ
1003 1357 1168 1440 στοιχείῳ·
1188 1353 1364 1444 ζμινύηῦ
1385 1351 1440 1425 ὁτὲ

267 1455 306 1528 τὸ
332 1475 504 1542 σκαφεῖον,
527 1453 585 1526 ὁτὲ
605 1453 645 1525 τὸ
669 1452 851 1545 ἄξινάριον,
875 1457 908 1526 οἱ
927 1460 963 1525 δὲ
983 1462 1148 1526 δίκελλαν.
1190 1465 1248 1528 καὶ
1271 1464 1440 1553 ζβέσαιῧ)

267 1561 307 1634 τὸ
330 1576 466 1647 καῦσαι,
485 1571 589 1652 λῆξαι,
612 1568 768 1650 κοιμίσαι.
797 1569 854 1630 καὶ
878 1563 1182 1659 ζβεννυμενᾷων
1205 1569 1329 1655 αἰγῶν
1352 1573 1442 1659 (Hes.

230 1699 254 1737 ιο
269 1677 347 1759 Opp.
367 1675 447 1756 690)
465 1678 648 1758 ληγουσῶν.
685 1675 742 1736 καὶ
765 1676 965 1759 ζμοῦσαι4)·
989 1665 1029 1738 τὸ
1052 1670 1205 1756 πατάξαι.
1238 1676 1379 1756 Αἴλιος
1404 1679 1443 1744 δὲ

269 1775 478 1856 Διονύσιός
497 1797 609 1865 φησιν,
629 1770 681 1844 ὅτι
701 1770 901 1867 ζμικρὸνδ)
925 1781 982 1844 καὶ
1003 1773 1125 1865 μικρὸν
1144 1779 1177 1847 οἱ
1194 1775 1346 1864 Ἀττικοὶ,
1369 1810 1445 1870 μικ-

269 1882 332 1953 κὸν
357 1888 392 1952 δὲ
416 1885 449 1952 οἱ
465 1880 587 1964 Ἴωνες.
611 1877 701 1952 oiim
722 1887 758 1952 δὲ
780 1883 946 1971 γράφουσι
964 1888 1021 1952 καὶ
1038 1879 1079 1953 τὸ
1103 1892 1286 1975 ζμῆγμαθ)
1305 1893 1364 1956 καὶ
1382 1885 1445 1978 τὴν

271 1990 448 2080 ζμινύην,
481 1984 523 2079 ἣν
550 1995 607 2057 καὶ
635 1985 736 2070 αὐτὸς
764 1985 938 2079 ἅξινάριον
969 1994 1056 2078 λέγει
1088 1994 1205 2080 φέρων
1236 1998 1295 2062 καὶ
1324 2005 1447 2085 χρῆσιν

264 2094 523 2186 Ἀριστοφάνους
547 2097 704 2184 [Ολκάσι]
728 2097 867 2186 ταύτην·

231 2228 256 2268 ιι
941 2199 1018 2271 ἀλλ’
1042 2204 1162 2292 ῗμαντά
1184 2232 1242 2293 μοι

470 2307 528 2390 δὸς
550 2314 607 2378 καὶ
630 2308 781 2399 ζμινύην·
806 2305 871 2397 ἐγώ
894 2305 956 2398 γὰρ
981 2305 1048 2398 εἶμ’
1071 2312 1127 2380 ἐπὶ
1150 2311 1240 2396 ξύλα.

363 2421 432 2486 188.
464 2420 637 2485 Eustath.
657 2421 785 2503 11956,
806 2421 835 2485 8.
868 2411 1016 2506 ζυγὸςὶ)
1048 2418 1105 2486 ἐπὶ
1131 2413 1225 2508 νηὸς,
1253 2421 1291 2504 ἐξ
1313 2413 1356 2490 οὗ
1381 2422 1447 2508 ζύ-

270 2551 349 2612 γιοι
373 2526 527 2612 έρέταιῖ).
553 2523 623 2592 έστι
645 2528 703 2590 καὶ
726 2527 909 2592 σανδαλὶοο
932 2523 1082 2612 ζύγοςῧ)
1101 2519 1187 2593 κατὰ
1210 2530 1448 2598 Παυσανίαν

316 2688 377 2742 187.
398 2688 419 2753 1)
438 2686 611 2741 Zetaoismue
630 2685 678 2739 ille
697 2686 772 2754 apud
790 2690 899 2740 veteres
922 2687 1033 2754 saepius
1057 2695 1301 2756 commemoratur,
1320 2689 1356 2746 cf.
1376 2693 1446 2747 Luc.

271 2777 327 2830 iud.
347 2791 403 2829 voc.
424 2777 448 2829 9.
468 2776 542 2829 Sext.
562 2775 667 2842 Empir.
687 2791 713 2842 p.
729 2776 790 2837 638,
812 2777 852 2829 13.
873 2776 933 2839 639,
955 2775 995 2829 14.
1015 2775 1104 2829 Bekk.
1122 2776 1252 2832 Eustath.
1271 2795 1298 2847 p.
1318 2779 1382 2848 228,
1401 2782 1446 2836 21.

271 2866 332 2928 936,
354 2866 393 2918 10.
414 2865 479 2918 Hes.
500 2879 520 2917 s.
540 2881 564 2916 ν,
584 2857 736 2932 ζατράτιης,
757 2864 959 2932 ζακκλτροφον,
979 2856 1094 2930 ζὸασον,
1114 2861 1237 2936 ζέβνται,
1256 2866 1342 2936 Harp.
1363 2863 1447 2940 ζειριὶ

272 2952 317 3018 (of.
327 2953 372 3006 Et.
378 2954 415 3006 M.
422 2953 483 3019 400,
493 2954 528 3006 20
539 2953 617 3005 elex.
628 2953 709 3018 rhet„
720 2951 754 3006 of.
766 2951 890 3022 Heyden.
900 2968 926 3020 p.
937 2953 1008 3015 221).
1028 2952 1147 3019 Curtius,
1158 2953 1333 3024 Grundzuge.
1343 2973 1372 3026 p.
1383 2959 1445 3013 447.

271 3042 365 3106 Blaes,
389 3042 502 3109 Ausspr.
527 3041 553 3093 6.
578 3040 688 3094 Griech.
712 3057 738 3109 p.
758 3041 800 3095 89.
821 3041 932 3108 118.eq.
958 3041 1017 3095 140.
1045 3041 1150 3096 Vooum
1173 3043 1296 3109 σμῶδιξ,
1321 3047 1445 3117 σμερδα-

271 3126 343 3192 λέον,
364 3124 486 3199 σμικρὸν
503 3145 582 3183 usum
600 3133 663 3183 zeta
682 3128 771 3183 vooali
789 3128 944 3183 ineuntium
962 3131 1083 3184 nondum
1100 3130 1240 3200 indagavi

362 3219 382 3285 ¹)
401 3219 483 3273 Gonv.
506 3219 584 3272 Phot.
608 3217 681 3272 Suid.
706 3218 771 3272 Hes.
795 3219 863 3272 Lex.
887 3219 999 3272 Baohm.
1022 3219 1089 3284 367,
1112 3220 1155 3274 22.
1183 3219 1274 3276 Schoi
1297 3222 1347 3276 Ar.
1371 3223 1445 3279 Nub.

273 3309 342 3363 1500
364 3308 435 3362 Piot.
459 3307 527 3375 Rep.
552 3307 642 3362 3701).
667 3307 737 3361 Tim.
760 3307 814 3360 lex.
838 3307 908 3360 Plat.
928 3305 1038 3360 Similia
1061 3323 1106 3375 ap.
1129 3308 1216 3364 Moer.
1235 3325 1256 3364 e.
1276 3326 1301 3364 v.
1319 3310 1390 3366 Poll.
1408 3311 1444 3366 K

272 3397 417 3462 129.173,
442 3398 514 3450 unde
538 3413 599 3449 oum
623 3396 738 3463 (lobeto,
763 3397 897 3449 Mnemon.
917 3396 950 3449 X.
971 3396 1013 3451 80.
1033 3388 1177 3451 Ὁλκάδων
1199 3396 1242 3465 (fr.
1261 3397 1324 3454 402.
1345 3399 1446 3468 Kook.)

272 3483 383 3538 titulum
401 3484 560 3539 testimonio
579 3485 782 3552 Aristophaneo
801 3484 901 3539 adieci.

361 3573 382 3640 ⁸)
401 3574 521 3628 Primam
541 3573 756 3642 explicationem
780 3589 849 3627 serv.
869 3573 944 3628 Suid.
963 3572 1030 3627 Lex.
1050 3574 1163 3628 Bachm.
1183 3574 1249 3642 362,
1269 3576 1313 3631 17.
1333 3574 1369 3631 of.
1387 3577 1444 3632 Eu·

272 3664 355 3717 aiath.
375 3680 401 3731 p.
422 3665 500 3725 1260,
520 3665 544 3718 5.

360 3755 383 3818 ⁴)
403 3751 436 3806 cf.
456 3753 542 3806 Moer.
563 3768 583 3805 s.
597 3768 621 3806 v.
642 3747 799 3818 σμώμενος.
820 3751 888 3805 Inde
906 3750 985 3805 Euat.
998 3752 1076 3816 1277,
1090 3751 1116 3806 8.
1135 3754 1251 3818 σαῶσαι
1268 3769 1320 3821 pro
1332 3757 1444 3822 σμῶξιιι

273 3841 419 3909 legendum
443 3844 492 3907 est,
513 3845 541 3895 et
558 3840 603 3894 Et.
620 3840 690 3895 Gud.
710 3842 770 3908 606,
790 3841 833 3894 41.
850 3840 923 3894 unde
938 3840 999 3905 507,
1014 3840 1057 3894 14.
1086 3842 1210 3907 σμῶξαν
1230 3836 1263 3895 τὸ
1282 3837 1444 3914 παρατάξαι

273 3928 303 3982 in
321 3924 444 3995 πατάξαι
463 3930 592 3983 mutabis,

362 4018 383 4084 ⁶)
403 4018 438 4072 oi.
458 4019 536 4072 Eust.
556 4036 583 4087 p.
603 4019 682 4083 1421,
702 4019 728 4072 8.
746 4018 824 4072 Phot.
839 4018 914 4072 Suid.
928 4018 993 4072 Hes.
1012 4016 1104 4073 Sohar.
1118 4017 1153 4073 ad
1173 4018 1254 4087 Greg.
1268 4018 1330 4073 Gor.
1341 4035 1369 4088 p.
1383 4018 1444 4076 600.

362 4108 382 4173 ⁶)
402 4106 436 4161 of.
456 4109 523 4161 Lob.
542 4108 642 4177 Phryn.
663 4125 689 4176 p.
708 4109 769 4163 253.

319 4199 378 4252 188.
400 4199 419 4262 ¹)
439 4195 478 4250 01.
497 4197 569 4250 Prol.
588 4198 631 4251 26.
660 4197 736 4251 Haec
756 4197 943 4251 tantummodo
962 4195 1095 4251 atticistis
1113 4195 1263 4251 tribuenda
1281 4201 1355 4250 sunt.

364 4285 384 4349 ⁹)
403 4285 485 4339 Gonv.
505 4286 583 4339 Phot.
607 4292 642 4338 et.
663 4285 695 4338 fr.
718 4286 776 4341 175.

364 4373 384 4440 ³)
404 4375 484 4429 conv.
504 4375 581 4429 Phot.
602 4374 636 4429 cf.
657 4375 725 4430 Poll.
746 4376 806 4430 VII.
826 4376 869 4429 87.
889 4374 978 4430 Schol.
998 4376 1045 4429 Ar.
1065 4375 1129 4444 Lys.
1149 4375 1209 4428 417.
