3000 5040
631 227 671 290 13

156 386 202 450 Ac
229 385 366 470 primum
393 385 520 469 quidem
543 385 575 450 id
597 406 695 450 unum
718 385 984 469 praemonendum
1007 391 1068 463 cst,
1095 385 1233 452 Eusta-

67 493 188 559 thium
214 491 319 557 nullo
347 493 430 558 loco
457 492 495 557 id
523 492 721 558 consilium
744 493 902 577 cepisse,
930 497 971 558 ut
992 514 1059 560 nos
1081 494 1125 557 de
1149 516 1234 559 auc·

67 601 230 678 toribus,
259 600 396 684 quibus
419 621 508 664 usus
531 599 595 677 sit,
623 601 774 664 celaret.
820 600 871 664 Ita
897 599 947 676 fit,
974 605 1010 665 ut
1033 599 1099 665 fere
1120 623 1234 665 unum-

67 730 222 792 quemque
236 709 340 772 locum
355 707 397 772 ad
411 727 464 772 eos
478 711 623 772 auctores
637 705 755 771 referre
769 708 933 791 possimne,
951 709 1034 772 unde
1049 712 1170 773 tractus
1185 711 1234 774 sit.

67 816 233 899 Praecipui
247 822 354 880 autem
372 817 516 880 auctores
535 819 626 879 erant
644 815 743 879 codex
761 815 891 898 quidam
906 814 1090 880 Homericus
1109 815 1234 881 scholiis

67 923 267 1006 amplissimis
287 927 425 998 ornatus,
444 919 636 997 Athenaeus,
655 920 779 999 Strabo,
798 920 976 1005 Stephanus
995 922 1172 1004 Byzantius,
1195 944 1235 987 ex

68 1051 201 1114 quorum
223 1028 370 1113 operibus
392 1049 616 1112 nonnunquam
639 1027 790 1094 futtiliter
813 1029 940 1112 quidem
963 1035 995 1094 et
1018 1030 1059 1094 ad
1081 1031 1234 1094 minorem

68 1136 220 1202 ambitum
244 1141 412 1213 contracte,
436 1158 559 1221 semper
581 1142 688 1201 tamen
711 1137 757 1202 ita
776 1138 928 1221 depingit,
949 1144 986 1201 ut
1009 1141 1120 1202 auctor
1142 1137 1234 1203 facile

67 1245 193 1326 agnosci
216 1245 322 1328 possit.
347 1284 388 1291 —
412 1244 500 1308 Idem
524 1246 557 1308 in
580 1244 792 1309 atticistarum
814 1244 962 1328 operibus
984 1242 1054 1308 fieri
1080 1245 1234 1310 videmus:

66 1351 187 1414 nullum
206 1353 289 1415 enim
308 1373 416 1416 eorum
433 1352 582 1429 locorum,
601 1373 693 1435 quem
716 1352 843 1417 aliunde
866 1353 1075 1435 cognovimus,
1098 1353 1145 1417 ita
1166 1352 1234 1418 lau·

66 1458 131 1534 dat,
150 1464 186 1523 ut
204 1458 334 1524 consilio
353 1480 391 1524 ea
408 1479 466 1542 pro
485 1461 549 1525 suis
567 1459 754 1536 vendiderit,
773 1481 854 1542 quae
872 1460 993 1524 alienae
1013 1460 1143 1544 originis
1162 1461 1233 1526 sint.

153 1564 222 1630 Hoc
244 1587 318 1630 vero
345 1567 455 1632 statim
477 1567 710 1632 concedendum
734 1572 795 1632 est:
828 1567 1031 1632 Eustathium
1054 1567 1234 1651 saepissime

65 1671 258 1754 negligentia
285 1673 423 1754 quadam
449 1674 635 1757 perductum
662 1680 826 1739 auctorum
853 1674 981 1740 nomina
1003 1676 1157 1752 omisisse,
1185 1676 1234 1740 vel

65 1778 112 1842 ita
135 1780 288 1862 originem
311 1780 446 1846 alienam
464 1781 618 1847 indicasse
638 1780 702 1868 (vel
720 1781 824 1847 verbis
848 1773 893 1858 ὡς
913 1782 1005 1864 φασὶ,
1027 1787 1083 1847 111
1101 1780 1234 1866 λέγουσί

65 1907 164 1965 τινες,
185 1887 235 1952 vel
259 1885 291 1951 οἱ
313 1890 465 1968 παλαιοὶ,
488 1880 646 1953 velicardi
669 1880 748 1966 τοὺς
770 1885 961 1975 παλαιούς),
984 1894 1019 1954 ut
1042 1890 1082 1953 de
1105 1895 1234 1955 auctore

66 1993 237 2076 disceptari
258 1997 367 2079 possit.
413 1997 505 2074 Quod
527 1997 672 2062 socordia
694 2002 818 2062 tantum
842 1997 960 2062 factum
984 2018 1050 2062 esse
1073 1996 1136 2061 iam
1159 1998 1233 2061 inde

66 2100 233 2179 evincitur,
261 2104 346 2186 quod
374 2103 561 2169 Eustathius
584 2105 618 2168 in
643 2109 734 2170 tanta
756 2105 838 2170 mole
861 2104 1027 2180 librorum,
1055 2125 1133 2186 quos
1161 2125 1232 2169 con-

65 2204 154 2284 fecit,
187 2207 385 2293 diligentiam
416 2201 657 2297 ἀκριβεστάτην
689 2210 840 2277 adhibere
872 2232 974 2295 neque
1000 2211 1105 2295 potuit
1132 2231 1233 2294 neque

64 2315 172 2380 voluit.
218 2315 289 2382 Huc
311 2317 445 2396 accedit,
472 2318 558 2400 quod
581 2319 820 2384 commentarios
846 2319 917 2383 illos
940 2317 1123 2383 Homericos
1145 2319 1233 2381 nullo

66 2425 152 2485 certo
175 2424 306 2490 consilio
330 2425 499 2490 confecisse
518 2426 656 2491 videtur:
680 2426 713 2489 in
732 2425 866 2509 Odyssia
884 2425 967 2489 enim
986 2425 1085 2510 (locos
1108 2424 1233 2489 adferre

66 2549 129 2592 non
153 2551 230 2613 opus
254 2537 310 2609 est,
334 2554 404 2597 oum
427 2534 460 2596 in
483 2553 671 2616 unaquaque
694 2532 811 2615 pagina
834 2532 1013 2617 occurrant)
1036 2533 1078 2595 ad
1101 2531 1232 2596 Iliadem

65 2644 228 2719 provocat,
255 2639 288 2702 in
312 2639 411 2704 Iliade
439 2642 554 2704 iterum
582 2642 624 2704 ad
652 2639 892 2704 commentarios
915 2640 949 2702 in
972 2638 1137 2720 Odyssiam
1160 2661 1232 2704 con-

65 2745 199 2826 scriptos
226 2747 369 2829 respicit,
399 2752 436 2811 ut
464 2749 504 2811 de
531 2747 643 2812 ohaote
670 2747 726 2812 illo
753 2747 794 2811 ad
822 2752 946 2830 tempus
976 2745 1150 2811 ordinando
1179 2747 1233 2810 de-

65 2853 255 2934 sperandum
279 2875 347 2919 esse
371 2854 514 2919 videatur
523 2855 557 2940 ¹).
595 2854 711 2918 Utrum
734 2859 835 2918 morte
858 2859 1060 2937 praematura
1082 2852 1232 2935 abreptus

65 2959 121 3034 sit,
149 2981 191 3024 an
214 2980 292 3042 opus
314 2963 421 3027 taedio
445 2965 610 3046 superatus
634 2963 681 3025 ita
702 2960 873 3037 remiserit,
901 2966 937 3025 ut
960 2960 1177 3043 imperfectum
1201 2966 1233 3024 et

64 3065 186 3143 ultima,
203 3073 241 3132 ut
258 3069 358 3145 aiunt,
376 3070 451 3133 lima
466 3090 558 3153 egens
573 3069 775 3153 relinqueret,
794 3069 968 3133 diiudicare
982 3089 1045 3134 non
1061 3089 1232 3150 possumus.

154 3172 210 3239 Sin
233 3182 339 3241 autem
362 3177 559 3261 negligenter
586 3199 657 3242 eum
684 3176 905 3258 conscripsisse
926 3166 1137 3259 παρεκβολὰς
1160 3196 1233 3239 con-

66 3282 209 3359 cesseris,
237 3304 301 3348 1111
323 3306 393 3348 111
417 3286 461 3350 111
484 3285 594 3361 facies,
621 3284 677 3367 qui
700 3305 738 3348 ex
760 3283 902 3348 formulis
924 3282 1001 3359 illis,
1029 3304 1106 3366 quas
1130 3281 1232 3360 attuli,

65 3476 160 3532 1155.
180 3474 360 3549 ἅναῳύσησις
383 3497 417 3535 ex
436 3481 528 3549 glossa
548 3474 683 3550 γρόνθων
707 3478 876 3548 explicatur,
900 3494 953 3532 non
977 3494 1012 3532 ex
1030 3477 1161 3532 lemmate
1184 3492 1233 3531 suo

66 3566 211 3636 episcopus
230 3568 349 3636 glossam
368 3569 546 3638 deprompsit,
566 3567 601 3623 cf.
620 3571 676 3623 not.
696 3569 721 3622 2.

156 3658 175 3723 1)
195 3658 391 3712 commentarii
410 3661 446 3713 ad
463 3658 544 3713 Dion.
563 3657 671 3726 Perieg.
691 3657 798 3725 priores
816 3655 940 3712 luerunt:
960 3671 1093 3723 nusquam
1112 3655 1185 3709 enim
1203 3653 1232 3706 in

66 3744 123 3798 illis
141 3746 176 3800 ad
196 3747 405 3802 commentarios
422 3747 582 3803 Homericos
601 3747 730 3816 respicit:
750 3747 813 3802 illos
832 3749 926 3800 11111
945 3745 1055 3813 saepius
1074 3744 1177 3808 attulit,
1197 3742 1232 3797 cf.

64 3835 193 3901 p.1l44,
214 3837 255 3890 14.
280 3839 362 3906 1166,
387 3838 428 3891 18.
454 3838 536 3906 1175,
560 3838 603 3891 34.
627 3837 706 3892 alias.
735 3867 770 3876 —
796 3835 962 3904 Nuperrime
992 3833 1068 3887 Frid.
1093 3832 1176 3885 Kuhn
1203 3831 1232 3884 in

66 3923 215 3978 comment.
239 3925 267 3978 in
285 3926 329 3980 W.
350 3927 531 3982 Studemundi
553 3928 616 3980 hon.
635 3924 797 3994 conscriptis
816 3942 842 3994 p.
860 3924 1009 3978 ner-257.
1028 3938 1086 3976 rem
1110 3921 1150 3975 ita
1169 3936 1232 3974 con-

66 4013 169 4081 stituit,
199 4019 230 4067 ut
256 4015 353 4070 Illadis
381 4015 590 4071 commentarios
616 4015 723 4084 priores
746 4013 845 4082 luisse,
874 4015 924 4068 sed
951 4017 1097 4079 utrumque
1124 4010 1232 4075 librum,

64 4102 224 4172 priusquam
248 4105 389 4171 ederetur,
414 4105 515 4160 iterum
538 4106 573 4161 ab
592 4105 623 4158 E.
643 4103 812 4173 perpolitum
835 4118 896 4157 1111
920 4103 1107 4156 contenderet.
1145 4100 1233 4167 Quem

65 4191 222 4258 opinionem
241 4195 319 4263 sequi
338 4211 392 4250 non
411 4211 533 4265 possum:
565 4210 611 4249 eos
631 4193 703 4248 enim
721 4193 910 4247 tantummodo
928 4192 1002 4247 locos
1025 4189 1161 4260 respexit,
1186 4189 1233 4257 qui

66 4280 198 4337 diserte
222 4283 266 4338 vel
285 4285 377 4340 iliada
395 4284 440 4339 vel
459 4284 605 4355 Odyssiam
622 4283 745 4337 laudant.
783 4282 837 4337 Sed
860 4282 946 4337 multo
964 4280 1075 4351 saepius
1094 4296 1123 4334 se
1143 4279 1232 4347 ipsum

65 4373 162 4427 laudat
180 4373 304 4429 formulis
324 4369 362 4439 ὡς
380 4371 601 4446 προδεδήλωται,
622 4367 660 4437 ὡς
678 4369 830 4442 προεγάφη
850 4376 878 4426 et
897 4371 1042 4426 similibus,
