3000 5040
720 228 763 293 60

159 389 280 473 spirare
303 389 476 454 videantur.
518 387 595 453 Poll.
614 392 634 470 ξ
656 389 708 453 41.
732 380 752 474 ι)
777 389 813 453 δὲ
836 380 878 452 τὰ
900 388 1055 473 πέμματα
1076 388 1251 454 πέττουσα
1273 388 1327 452 καὶ

159 486 201 558 τὰ
219 495 297 579 περὶ
315 486 375 571 τὰς
392 495 514 572 θυσίας
531 494 744 581 διοικουμένη
764 492 1002 582 δημιουργός
1020 495 1058 562 cl.
1072 496 1161 561 Eunt.
1181 517 1211 580 p.
1234 493 1327 571 1825,

163 605 210 666 11.
240 602 433 687 δημιουργοί
460 619 541 687 φησι
568 605 608 666 Η.
633 604 690 666 καὶ
718 599 752 666 αἱ
774 615 845 679 τοῖς
866 598 982 687 γάμοις
1004 595 1046 668 τὰ
1070 599 1230 687 σύμφορα
1253 601 1325 668 πέτ-

159 726 287 788 τουσαι,
311 708 346 774 αἳ
363 709 421 773 καὶ
438 711 613 793 νυμφίους,
636 709 748 795 φησὶν,
772 705 893 774 έλουυν
916 711 973 774 καὶ
997 707 1186 795 ἱερουργίας
1208 709 1247 776 έν
1270 705 1325 795 γό-

158 839 233 899 μοις
256 814 396 880 ἐποίουν
419 817 476 880 καὶ
498 811 638 880 πόπανα
656 807 860 881 παντοδαπὰ
882 817 939 880 καὶ
962 809 1085 902 ἄρτους
1108 813 1255 884 ἐπεττον
1271 818 1326 882 καί

158 914 218 999 τόις
240 917 343 1007 κόρας
366 914 542 1004 εύθέτιζυν
566 922 618 1003 (fr.
639 923 734 1007 122.)
771 923 833 988 Res
853 921 1021 989 manifesta
1043 929 1104 990 est:
1127 945 1223 990 sensu
1239 930 1325 989 uter·

159 1051 221 1112 que
244 1030 412 1113 conspirat,
434 1029 532 1095 verba
554 1030 772 1096 tautummodo
795 1031 880 1094 inter
902 1052 936 1095 se
959 1029 1111 1096 differunt
1120 1033 1157 1115 1).
1175 1068 1221 1079 -

248 1137 391 1202 Alterum
418 1135 570 1201 habemus
598 1137 701 1201 locum
729 1139 748 1219 ᾗ
776 1137 827 1202 37.
856 1137 913 1201 καὶ
938 1127 980 1202 τὸ
1004 1135 1167 1224 ἐπίβλημα
1190 1144 1250 1225 τῆς
1271 1160 1324 1222 γυ-

159 1234 275 1320 ναικός
298 1235 413 1320 ἐανός
437 1243 510 1329 (sic)
529 1244 586 1307 καὶ
605 1239 788 1328 κύλυπτρα.
814 1243 866 1328 (cf.
886 1243 956 1310 VII.
976 1244 1043 1330 51.)
1064 1243 1102 1309 cf.
1121 1243 1258 1310 Pausau.
1277 1265 1324 1328 ap.

159 1350 246 1415 Eust.
270 1373 299 1435 p.
322 1351 402 1427 976,
428 1351 476 1414 10.
500 1351 541 1414 Π.
567 1349 602 1414 δὲ
626 1340 680 1415 ότι
704 1341 814 1427 ἑανὸς·
837 1351 1010 1435 γυναικεία
1038 1341 1140 1437 ἐσθὴς
1167 1346 1323 1437 ποδήρης.

159 1458 197 1522 de
220 1457 303 1523 stola
325 1456 491 1541 nuptiali
514 1457 566 1540 agi
589 1463 725 1522 testatur
748 1458 836 1523 locus
859 1457 1044 1523 Homericus
1063 1454 1110 1546 (Ξ
1126 1458 1216 1544 178),
1234 1479 1325 1544 quem

159 1564 323 1647 episcopus
346 1563 503 1648 explicare
525 1563 655 1628 studuit.
684 1563 721 1628 cf.
741 1563 778 1629 fr.
799 1564 871 1630 141.
890 1569 953 1630 not.
974 1564 1002 1630 2.
1022 1602 1065 1612 —

247 1671 373 1735 Tertius
401 1670 523 1735 accedit
550 1671 637 1735 locus
669 1670 746 1736 Poll.
774 1675 802 1752 ξ.
831 1671 882 1736 39.
914 1666 1113 1757 προαύλια
1146 1669 1183 1736 δε
1210 1663 1232 1758 ι)
1260 1661 1324 1756 πρὸ

158 1784 230 1843 τῶν
265 1773 382 1862 γάμοον
418 1768 522 1862 ἡμέρα
559 1778 615 1842 καὶ
648 1774 816 1844 ἐπαύλια
847 1770 867 1864 ι)
899 1769 975 1862 μετ’
1008 1769 1122 1865 αύτὴν.
1165 1769 1325 1868 [όπαύλια

160 1885 195 1950 δὲ
224 1883 261 1950 ἐν
287 1873 308 1968 γ)
336 1875 355 1949 ὁ
385 1885 527 1967 νυμφίος
560 1883 605 1961 είς
636 1892 699 1950 τοῦ
725 1891 899 1971 πενθεροῦ
927 1877 1143 1966 όπαυλίζεται
1171 1877 1241 1952 ἀπὸ
1269 1891 1325 1972 τῆς

159 1986 311 2078 νύμφης).
354 1988 393 2055 oi
427 1991 467 2056 δὲ
495 1992 551 2055 καὶ
578 1982 620 2056 τὰ
649 1988 807 2077 διδόμενα
836 1993 928 2078 δῶρα
955 1999 996 2076 τῇ
1023 1988 1137 2076 νύμφη
1164 1997 1326 2059 καλοῦσιν

159 2092 308 2162 ἐπαύλια.
338 2096 376 2163 of.
395 2098 481 2164 Eust.
501 2120 531 2182 p.
553 2098 652 2174 1337,
669 2098 721 2164 43.
742 2098 793 2184 (ir.
815 2100 901 2184 171).
935 2099 992 2163 καὶ
1015 2094 1156 2164 ἐπαύλια
1179 2089 1223 2164 wi
1244 2090 1327 2184 μετὰ

157 2195 220 2269 τὸν
237 2200 354 2288 γόμον,
374 2196 420 2282 ὡς
440 2205 537 2291 δηλοῖ
552 2206 608 2268 καὶ
627 2207 871 2286 Παυσανίας,
890 2203 926 2269 ἐν
947 2199 997 2282 οίς
1014 2205 1110 2290 λέγει,
1130 2203 1327 2272 ἐπαυλίαν

159 2303 323 2397 ἡμέραν,
346 2303 431 2378 καθ’
450 2308 492 2398 ἣν
516 2310 553 2376 ἐν
575 2320 615 2395 τῇ
638 2319 700 2377 τοῦ
723 2313 870 2396 νυμφίου
895 2311 984 2400 οίκίηι
1007 2304 1027 2398 ἦ
1050 2307 1164 2399 νύμφη
1186 2319 1328 2398 πρῶτον

160 2414 362 2505 ἐπηύλιοται.
386 2420 443 2484 καὶ
467 2414 648 2484 ἐπαύλια·
676 2410 719 2484 τὰ
741 2411 824 2502 μετὰ
846 2410 909 2505 τὴν
933 2417 1091 2505 ἐχομένην
1114 2412 1243 2505 ἡμέραν
1264 2426 1327 2485 τοῦ

158 2521 265 2610 γόμου
294 2527 386 2612 δῶρα
413 2530 483 2590 κτλ.
530 2526 682 2591 Auctorcs
709 2527 792 2590 inter
815 2547 849 2591 se
872 2526 1060 2610 discrepant
1105 2525 1220 2591 Pollux
1243 2527 1327 2593 enim

159 2628 301 2698 ἐπαύλια
325 2635 383 2720 (=
405 2638 505 2698 neutr.
524 2632 582 2718 pl.)
610 2638 747 2716 utroque
774 2654 867 2698 sensu
889 2632 1036 2698 adhiberi
1058 2638 1178 2710 censet,
1205 2633 1327 2700 Pausa·

158 2727 227 2803 nias
251 2737 392 2804 ἐπαυλία
416 2739 516 2824 (fem.)
540 2740 582 2804 ad
606 2740 703 2816 diem,
726 2735 867 2804 ἐπαύλια
890 2740 931 2804 ad
955 2740 1039 2805 dona
1060 2738 1167 2806 refert.
1206 2739 1328 2806 Neuter

70 2901 72 2905 ⁴
158 2845 398 2930 lexicographus
417 2851 510 2911 errat.
543 2846 657 2910 Procul
680 2845 777 2910 dubio
800 2851 935 2929 utraque
958 2846 1103 2911 doctrina
1124 2867 1145 2911 a
1166 2847 1328 2913 veteribus

159 2952 284 3035 prolata
311 2957 372 3027 est,
400 2951 437 3017 cf.
462 2952 549 3018 Suid.
574 2974 596 3017 s.
619 2976 646 3018 u.
671 2949 812 3018 ἐπαύλια
835 2975 858 3017 s.
877 2953 897 3018 f.
943 2952 1014 3017 Non
1041 2957 1148 3018 autem
1171 2975 1328 3032 curamus,

159 3058 273 3142 quibus
300 3060 334 3123 in
360 3057 455 3123 rebus
478 3061 658 3142 discrepent
680 3060 852 3125 Pausanias
876 3066 907 3124 et
931 3059 1043 3124 Pollux
1066 3061 1328 3145 (discrepantiam

158 3165 246 3230 illam
269 3165 332 3229 iarn
355 3166 532 3250 antiquitus
555 3166 706 3242 extitisse,
729 3163 762 3231 οἱ
786 3166 822 3232 δὲ
840 3167 976 3232 Pollucis
995 3166 1156 3252 probant),
1178 3169 1235 3233 sed
1254 3171 1326 3253 qui-

158 3271 218 3335 bus
241 3271 273 3334 in
297 3271 392 3337 rebus
416 3274 589 3339 concinant.
621 3273 764 3358 Uterque
787 3279 893 3338 autem
917 3269 1059 3338 ἐπαύλια
1081 3302 1125 3331 --
1148 3274 1233 3340 dona
1255 3282 1328 3361 post

158 3378 286 3461 nuptias
310 3377 417 3444 oblata
440 3379 537 3445 fuisse
555 3385 700 3458 testatur,
723 3382 808 3464 quod
826 3381 867 3445 ad
885 3381 1081 3465 propositum
1099 3387 1243 3447 nostrum
1261 3382 1328 3448 suf-

159 3484 233 3550 ficit.
255 3523 294 3532 —-

249 3592 385 3671 Quartus
412 3593 512 3672 locus,
540 3616 615 3659 sane
642 3593 910 3667 intricatissimus,
943 3600 991 3659 est
1018 3598 1037 3676 ξ
1065 3595 1116 3660 38.
1144 3586 1165 3680 ἦ
1194 3594 1231 3660 δὲ
1258 3587 1327 3682 πρὸ

160 3695 267 3785 γόμου
289 3701 394 3766 θυσία
417 3700 632 3786 προτέλεια
655 3702 712 3765 καὶ
735 3697 913 3787 προγόμια.
948 3691 1039 3766 οὕτω
1064 3693 1097 3766 δ’
1120 3693 1164 3766 dv
1187 3706 1327 3769 καλοῖτο

159 3808 216 3871 καὶ
238 3799 280 3872 τὰ
302 3799 370 3893 πρὸ
392 3803 500 3892 γόμου
524 3809 625 3893 δοῦρα.
649 3812 941 3893 προτελεῑσθαι
966 3807 1001 3873 δὲ
1025 3807 1179 3893 ἐλέγοντο
1204 3800 1247 3874 ού
1268 3803 1327 3892 μό-

159 3937 222 3979 νου
247 3912 280 3978 αί
302 3911 439 3999 νύμφαι,
462 3906 626 3979 ἀλλὰκαὶ
649 3913 682 3980 οἱ
704 3916 852 3999 νυμφίοι.
877 3915 934 3978 καὶ
951 3907 1102 3992 τέλοςύ
1125 3911 1229 3999 γάμος
1252 3913 1327 3981 ἐκα-

160 4025 260 4100 λεῖτο,
278 4023 336 4086 καὶ
353 4021 501 4086 τέλειοι
520 4018 552 4087 οἱ
565 4017 795 4108 γεγαμηκότες.
821 4013 875 4087 διὰ
893 4028 996 4086 τοῦτο
1015 4023 1072 4086 καί
1084 4013 1173 4107 Ἥρα
1192 4024 1327 4088 τελεία

160 4118 180 4212 ἦ
205 4128 348 4210 συζυγία.
372 4123 476 4210 ταύτῃ
499 4119 561 4213 γὰρ
583 4141 654 4206 τοῖς
676 4130 885 4216 προτελείοις
907 4120 1118 4213 προύτέλουν
1140 4120 1201 4206 τόις
1223 4125 1327 4214 κόρας

249 4271 271 4337 1)
289 4272 355 4324 Ath.
368 4271 414 4325 IV.
428 4289 454 4339 p.
468 4271 553 4325 1721
572 4266 741 4341 δημιουργός
759 4271 911 4326 masculino
930 4285 1012 4324 sensu
1030 4269 1147 4324 adhibet
1164 4285 1258 4326 errore
1277 4270 1326 4326 de·

160 4366 265 4430 ceptus,
285 4359 318 4413 cf.
332 4377 359 4428 p.
374 4361 452 4413 172Β
472 4365 499 4412 et
519 4361 592 4413 Men.
606 4359 638 4412 fr.
654 4362 712 4412 113.
726 4361 813 4414 Kock.
827 4359 915 4414 Schol.
931 4361 976 4412 Ar.
990 4359 1060 4428 Equ.
1074 4361 1134 4414 650.
