3000 5040
664 238 727 304 100

110 426 165 467 ναι
190 393 223 466 δ’
247 392 361 476 αὐτοῖς
384 390 463 475 τοὺς
485 393 724 482 Διοσκούρους,
748 392 985 482 οἰωνισάμενοι
1006 387 1048 463 τά
1072 397 1283 486 κερτομηθὲν

111 506 144 573 ol
162 507 300 592 Λοκροὶ,
324 496 370 582 ὥς
389 522 470 591 φησι
488 506 732 585 Παυσανίας,
750 500 813 591 τήν
830 526 866 569 τε
885 509 972 569 ναῦν
990 496 1213 591 ἀπέστρεψαν
1230 505 1282 569 καί

109 621 181 679 τῶν
204 608 421 696 Διοσκούρων
445 607 633 698 ἐδεήθησαν
656 615 828 694 συμπλεῖν.
857 602 904 687 ὡς
927 602 961 676 δ’
984 608 1158 698 ἐνίκησαν,
1182 602 1282 697 adop

109 716 224 806 μερόν,
247 736 337 805 φησι,
360 720 417 783 καί
438 709 459 804 ή
479 713 570 804 φήμη
591 717 770 804 διηγγέλθη
789 716 836 794 είς
852 711 1027 803 Σπάρτην.
1051 707 1094 783 τά
1112 716 1177 802 μὲν
1195 724 1281 804 προῦ-

83 850 172 892 οτον
200 820 338 890 ἀπιστία
365 813 417 911 ήν.
451 823 524 889 ἐπεὶ
548 816 582 890 δ’
607 817 732 909 εὑρέθη
756 815 882 911 άληθή,
909 821 1004 910 ἐξέβη
1027 821 1167 891 ἐκεῖθεν
1187 816 1209 912 ή
1231 819 1280 910 <iq

109 939 209 999 θεῖσα
232 932 394 1018 παροιμία
407 931 442 1018 ¹).

200 1039 251 1104 35.
274 1037 448 1103 Eustath.
467 1059 496 1120 p.
516 1037 591 1114 286,
610 1038 661 1102 27.
685 1028 771 1102 κατὰ
790 1037 1023 1103 Παυσανίαν
1039 1028 1188 1105 Ἆλικοὶ
1209 1038 1280 1124 περὶ

114 1147 278 1232 Τίρυνθος
295 1141 328 1211 οἱ
346 1135 388 1209 τά
406 1144 485 1229 περὶ
503 1138 681 1210 θάλασσαν
699 1149 758 1230 τῆς
777 1137 1043 1231 Πελοποννήσου
1062 1142 1240 1222 οἰκοῦντες
1248 1145 1279 1231 ¹).

201 1252 251 1316 ac.
286 1250 408 1316 schol.
428 1251 522 1315 elac.
541 1251 647 1334 neap.
666 1249 771 1315 sroc.
791 1280 834 1307 =
852 1250 931 1315 ocu
949 1248 1023 1315 uel.
1043 1272 1074 1334 p.
1092 1251 1172 1318 411.
1205 1243 1280 1317 ιιι.

72 1383 98 1424 10
111 1353 314 1444 τηριάῦης.
351 1348 437 1442 πρὸς
469 1357 547 1436 βίαν
578 1355 765 1442 ποιουμένη
797 1348 818 1442 ἢ
850 1349 1126 1444 άμαρτανομένη,
1158 1355 1199 1423 ἐκ
1224 1363 1282 1423 τοῦ

112 1457 277 1550 ἀλιτήριοι
305 1455 472 1547 ὀνόματος
499 1462 702 1549 παρηγμένη.
735 1458 835 1549 κατά
863 1458 1076 1529 Διονύσιον
1109 1454 1183 1550 γάρ
1215 1455 1282 1530 τὸν

106 1563 410 1654 Ἁλικαρνασσέα
429 1573 526 1652 λιμοῦ
544 1569 728 1653 γενομένου
746 1561 921 1656 Ἀθήνησιν
941 1567 975 1635 οἱ
992 1569 1136 1657 πένητες
1154 1593 1282 1654 προφε·

110 1671 247 1763 ρόμενοι
265 1676 298 1761 (l.
317 1671 577 1759 προσφερόμενα
596 1674 634 1739 cf.
655 1675 732 1739 Mill.
751 1673 822 1739 Mel.
841 1676 862 1740 l.
881 1675 915 1762 l.)
935 1668 1061 1762 άλευρα
1084 1672 1278 1763 διήρπαζον.

112 1781 296 1867 ἐλέχθησαν
315 1769 377 1845 οὖν
401 1778 434 1845 οἱ
456 1773 536 1858 τοὺς
559 1772 725 1858 άλοῦντας
748 1779 985 1868 ἐπιτηροῦντες
1008 1774 1186 1870 άλιτήριοι.
1221 1781 1281 1849 aa

72 1912 97 1953 ιε
110 1910 199 1952 τεινε
229 1886 264 1950 δὲ
291 1878 331 1951 τὸ
361 1879 468 1970 ὄνομα
496 1878 582 1952 ὥστε
610 1889 668 1952 καὶ
696 1886 751 1953 ἐπὶ
777 1884 919 1953 πάντων
946 1895 1019 1954 τῶν
1045 1881 1132 1973 μετὰ
1153 1892 1230 1971 βίας
1250 1911 1281 1953 τι

112 1989 307 2059 ποιούντων
329 1985 349 2078 ή
374 1986 641 2079 ἁμαρτανόντων
663 1993 823 2078 λέγεσθαι
833 1995 868 2082 ¹).

157 2224 201 2277 34.
224 2225 244 2290 ¹)
263 2224 365 2278 Suidae
381 2223 480 2292 glossa,
500 2239 572 2292 quae
589 2223 670 2292 plura
689 2223 783 2289 habet,
801 2224 993 2294 prioreparte
1012 2240 1074 2280 cum
1088 2225 1172 2280 Paus.
1187 2238 1281 2279 conve·

112 2312 162 2366 nit.
196 2312 265 2366 Tum
289 2317 443 2381 sequuntur
462 2313 559 2376 verba,
584 2327 656 2380 quae
675 2328 692 2367 a
711 2313 803 2381 priore
822 2313 913 2381 glossa
932 2313 993 2368 edd.
1013 2313 1163 2382 seiungere
1181 2314 1281 2369 debue-

111 2408 188 2455 runt:
208 2398 391 2471 άληθίοτερα
411 2388 462 2454 οὖν
481 2404 538 2453 τῶν
560 2395 606 2454 ἐπὶ
624 2394 740 2474 Σάγρᾳ·
762 2395 809 2454 ἐπί
827 2403 885 2454 τῶν
903 2395 978 2456 πάνυ
996 2397 1213 2471 άληθευόντων.
1239 2397 1282 2454 ts·

113 2507 193 2559 γεται
213 2485 269 2560 γάρ
287 2485 339 2557 τήν
358 2490 425 2558 περί
443 2490 493 2555 τῆς
511 2489 591 2556 νίκης
609 2482 706 2556 φήμην
726 2483 894 2558 αὐθημερὸν
916 2484 974 2544 άπὸ
992 2485 1109 2555 Ἰταλίας
1127 2487 1228 2546 ἐλθεῖν
1244 2486 1283 2552 είς

112 2574 164 2646 τήν
182 2574 332 2648 Σπάρτην,
358 2566 431 2632 άθεν
455 2578 505 2630 καί
529 2574 568 2640 είς
591 2577 748 2647 παροιμίαν
773 2573 958 2647 ἐξενεχθῆναι
980 2573 1031 2633 τὸν
1053 2573 1143 2650 λόγον
1163 2576 1283 2635 ἐπὶτῶν

113 2665 258 2735 ἀληθινῶν
277 2661 462 2738 πραγμάτων.
490 2663 630 2733 μέμνηται
653 2669 704 2734 τῆς
722 2667 877 2736 παροιμίας
895 2664 1065 2739 Μένανδρος
1083 2663 1116 2723 ἐν
1133 2668 1172 2738 τῇ
1186 2663 1283 2722 Ἀνατι-

114 2753 223 2823 θεμένη
244 2754 287 2824 (fr.
303 2757 345 2810 34.
361 2754 468 2824 Kock.).
502 2755 561 2822 Qua
580 2771 642 2809 cum
662 2754 849 2823 explicatione
864 2755 990 2825 congruit
1006 2756 1111 2813 Zenob.
1125 2757 1163 2813 H.
1178 2758 1223 2813 27.
1242 2760 1282 2825 (--

114 2844 184 2898 Mill.
204 2844 269 2897 Mel.
290 2861 316 2912 p.
331 2845 407 2911 355),
426 2845 476 2897 sed
495 2843 581 2896 multo
599 2842 685 2897 fusior
705 2850 755 2898 est.
793 2844 967 2899 Crotoniatas
984 2845 1136 2901 Locrorum
1154 2846 1281 2901 adversa·

114 2933 170 2987 rios
193 2932 278 2986 fuisse
303 2938 332 2984 et
355 2932 457 2986 famam
480 2931 614 2987 victoriae
637 2937 796 3000 reportatae
820 2948 870 2988 sua
888 2938 987 3002 sponte
1007 2949 1042 2988 ax
1060 2935 1146 2990 Italia
1164 2949 1223 2990 uua
1240 2933 1283 2988 dia

114 3022 352 3076 Lacedaemonem
376 3024 538 3088 penetrasse
562 3021 627 3075 iude
651 3020 750 3075 disces.
788 3021 842 3076 Sed
865 3038 928 3076 cum
946 3023 1022 3077 locus
1040 3023 1193 3078 Menandri
1210 3027 1282 3077 utro-

115 3110 198 3176 bique
221 3109 352 3163 laudetur
376 3109 456 3161 etin
479 3112 597 3176 utraque
618 3109 709 3177 glossa
730 3110 830 3164 ultima
848 3112 933 3167 verba
952 3116 1117 3180 congruant,
1142 3112 1179 3166 ad
1202 3126 1282 3166 uuum

114 3196 219 3250 fontem
237 3197 404 3264 reduxerim,
424 3212 459 3249 ex
478 3213 531 3264 quo
550 3197 668 3252 fortasse
681 3199 760 3253 Phot.
776 3193 890 3270 Zoippo·
909 3196 1038 3267 ποταμὸς
1058 3195 1089 3254 ἐν
1102 3196 1218 3275 Ἰταλίη·
1237 3200 1284 3254 καί

114 3279 203 3348 τόπος
225 3279 279 3353 ἀφ’
300 3275 333 3338 οὗ
356 3279 372 3352 ή
397 3285 535 3354 παροιμία
558 3282 742 3357 άληθέστερα
765 3291 823 3341 τῶν
846 3285 893 3343 ἐπὶ
916 3283 1026 3363 Σάγρᾳ.
1047 3318 1080 3327 -
1104 3288 1284 3344 Prooemium
1309 3360 1312 3364 μ

115 3373 201 3427 fuisse
220 3373 461 3442 usurpatissimum
476 3375 598 3429 Leutsch
613 3376 649 3429 ad
662 3377 681 3429 l.
692 3376 711 3428 l.
728 3379 816 3444 docet,
837 3379 915 3432 cuius
929 3378 1000 3431 notis
1015 3377 1115 3432 Philol.
1125 3393 1189 3433 nor.
1200 3393 1253 3433 aar.
1263 3377 1283 3431 1.

114 3480 141 3531 p.
163 3463 223 3516 197.
243 3463 323 3517 adde.
360 3462 452 3517 Velim
471 3465 557 3517 addas
577 3463 662 3518 etiam
682 3465 785 3534 Sagrac
804 3465 882 3520 fluvii
899 3465 1009 3520 nomine
1028 3465 1087 3520 solo
1105 3481 1152 3522 ras
1170 3467 1232 3522 vari
1249 3465 1283 3521 si-

116 3551 247 3606 millimas
266 3550 418 3619 significari
438 3550 472 3605 cf.
492 3551 553 3605 Ael.
573 3553 638 3607 hist.
657 3553 741 3608 anim.
761 3555 809 3608 XI.
831 3556 872 3608 10.

159 3642 204 3696 35.
226 3643 245 3706 1)
264 3641 383 3695 Halicen
407 3640 463 3710 (val
486 3643 518 3694 ut
536 3640 632 3709 Steph.
656 3643 720 3711 Byr.
736 3635 840 3707 Ἁλιεῖς)
865 3643 996 3712 oppidum
1014 3641 1177 3712 Argolicum
1199 3643 1285 3700 fuisso

116 3729 230 3798 eiusque
259 3730 364 3784 incolas
387 3729 501 3784 Italicos
530 3731 685 3798 appellatos
713 3747 775 3785 esse
798 3733 878 3786 Paus.
902 3731 1007 3801 perieg.
1030 3732 1066 3786 11.
1090 3733 1133 3787 36.
1157 3737 1284 3789 testatur.

115 3819 182 3873 Ideo
201 3820 335 3889 Hesychii
354 3819 459 3887 glossa,
479 3833 550 3886 quae
570 3819 638 3888 περὶ
659 3818 795 3889 Τίρυνθος
814 3820 920 3888 omisit,
943 3820 985 3875 ita
1008 3820 1158 3876 decurtata
1175 3825 1233 3889 est,
1255 3826 1286 3876 ut

116 3907 270 3976 explicatio
288 3907 361 3962 falsa
379 3911 442 3963 orta
460 3907 505 3961 sit.

159 3997 202 4050 36.
222 3996 244 4066 1)
262 3997 368 4050 Eadem
384 3997 474 4051 Schol.
489 3997 559 4050 Plat.
574 3996 660 4064 Legg.
676 3996 766 4051 854Β.
786 3997 895 4053 Similia
913 3999 944 4052 Β.
959 4001 993 4053 A.
1006 3997 1068 4066 377,
1088 3999 1131 4053 11.
1149 3998 1200 4054 ubi
1217 3999 1285 4055 duas

116 4085 220 4152 glossas
244 4085 304 4138 fere
327 4086 452 4152 geminas
476 4084 504 4137 in
529 4102 613 4139 unam
637 4083 770 4140 conflatas
792 4085 878 4141 vides.
916 4085 1034 4142 Fusiora
1056 4086 1158 4142 EtM.
1176 4087 1225 4156 65,
1242 4087 1284 4143 34.

115 4202 151 4210 -
170 4173 253 4226 Gohu.
272 4174 388 4228 Jahrbb.
409 4174 485 4227 Xlll.
505 4175 555 4228 821
569 4191 626 4242 sqq.
646 4174 736 4229 Schol.
755 4175 840 4244 Legg.
856 4191 891 4230 ex
910 4177 941 4230 Β.
956 4177 990 4230 Α.
1010 4175 1205 4246 depromptum
1223 4191 1285 4231 asso

116 4261 267 4328 contendit,
287 4263 366 4329 quod,
387 4263 440 4316 etsi
454 4263 599 4330 concedas,
618 4279 673 4317 non
688 4264 802 4317 dubium
817 4270 868 4327 est,
888 4265 985 4334 quine
1003 4264 1130 4320 doctrina
1148 4264 1285 4321 atticiata·

33 4397 39 4438 ·.
61 4392 81 4436 ‚3
98 4340 176 4409 {nrm
199 4348 353 4419 profectum
377 4351 421 4404 sit.
441 4382 476 4390 —
500 4352 587 4420 Qucum
616 4352 832 4420 explicationem
855 4353 988 4426 Dionysio
1015 4354 1076 4424 ipso
1104 4355 1286 4411 vetustiorem
